---------------------------------------------------------------
                VeriOSS official papers
---------------------------------------------------------------

@inproceedings{canidio2021verioss,
  author       = {Canidio, Andrea and Costa, Gabriele and Galletta, Letterio}, 
  title        = {VeriOSS: Using the Blockchain to Foster Bug Bounty Programs},
  booktitle    = {2nd International Conference on Blockchain Economics, Security and Protocols (Tokenomics 2020)},
  volume       = {82},
  series       = {Open Access Series in Informatics (OASIcs)},
  pages        = {6:1-6:14},
  address      = {Schloss Dagstuhl -- Leibniz-Zentrum f{\"u}r Informatik, Dagstuhl Publishing, Germany},
  month		   = {02},
  year         = {2021},
  url          = {https://drops.dagstuhl.de/entities/document/10.4230/OASIcs.Tokenomics.2020.6}
}

@incollection{degano2021verioss,
  author       = {Degano, Pierpaolo and Galletta, Letterio and Gerali, Selene}, 
  title        = {Verifying a Blockchain-Based Remote Debugging Protocol for Bug Bounty},
  booktitle    = {Protocols, Strands, and Logic},
  volume       = {13066},
  series       = {Lecture Notes in Computer Science},
  pages        = {124-138},
  publisher    = {Springer International Publishing},
  address      = {Cham},
  month        = {11},
  year         = {2021},
  url          = {https://doi.org/10.1007/978-3-030-91631-2_7}
}
