---------------------------------------------------------------
          "Computer Science Basic Knowledge" bibliography 
---------------------------------------------------------------

@incollection{wah2009pedia,
  author       = {Subramanian, Narayanan}, 
  title        = {Requirements specification and analysis},
  editor       = {Wah, testo di Benjamin W.},
  booktitle    = {Wiley Encyclopedia of Computer Science and Engineering, 5 Volume Set},
  chapter      = {R},
  publisher    = {Wiley},
  month        = {2},
  year         = {2009}
}

@book{bettini2021tdd,
  author       = {Bettini, Lorenzo}, 
  title        = {Test-Driven Development, Build Automation, Continuous Integration with Java, Eclipse and friends},
  publisher    = {Leanpub},
  month        = {02},
  year         = {2021},
  url          = {https://leanpub.com/tdd-buildautomation-ci}
}
