---------------------------------------------------------------
          "How to structure a CS thesis" bibliography 
---------------------------------------------------------------

@book{zobel2015writing,
  author    = {Zobel, Justin}, 
  title     = {Writing for Computer Science},
  publisher = {Springer Publishing Company},
  edition   = {terza},
  year      = {2015},
  isbn      = {1447166388},
  url       = {https://doi.org/10.1007/978-1-4471-6639-9}
}

@misc{pfandzelter2022thesis,  
  author       = {Pfandzelter, Tobias and Grambow, Martin and Schirmer, Trever and Bermbach, David},  
  title        = {Writing a Computer Science Thesis},
  howpublished = {Pubblicato dal gruppo di ricerca \textit{Mobile Cloud Computing} della \textit{TU Berlin} sulla \href{https://www.tu.berlin/en/mcc/study-teaching/theses}{pagina web del gruppo}},
  month        = {12},
  year         = {2022},
  url          = {https://github.com/pfandzelter/thesis-tips},
}

@misc{unibz2022thesis,   
  title        = {Master in Computer Science - Guidelines for the Thesis},
  howpublished = {Publicato dalla \textit{Libera Università di Bolzano} sulla \href{https://guide.unibz.it/en/graduation/engineering/master-final-exam/field-computer-science/thesis/}{pagina web dedicata alla tesi per i corsi magistrali affini all'informatica}},
  year         = {2022},
  url          = {https://guide.unibz.it/assets/graduation/Computer-Science/Master/Guidelines-Thesis-Master-2022.pdf}
}

@misc{fau2023thesis,  
  title        = {Writing Your Thesis},
  howpublished = {Pagina web dedicata alle linee guida per la tesi presente sul sito del laboratorio \textit{Computer Science 7 (Computer Networks and Communication Systems)} della \textit{Friedrich-Alexander Universität}},
  url          = {https://www.cs7.tf.fau.eu/teaching/student-theses/writing-your-thesis/},
  note         = {consultata in data 16 novembre 2023}
}

@misc{aceto2023paper,  
  author       = {Aceto, Luca},  
  title        = {How to Write a Paper},
  howpublished = {Slides pubblicate sulla \href{http://icetcs.ru.is/luca/howto-lectures/}{pagina web dedicata ai consigli su come fare ricerca} dell'\textit{Icelandic Center of Excellence in Theoretical Computer Science}},
  url          = {http://icetcs.ru.is/luca/howto-lectures/howtowrite-gssi.pdf},
  note         = {consultata in data 17 novembre 2023}
}

@misc{tuni2019guide,    
  title        = {Guide to Writing a Thesis in Technical Fields},
  howpublished = {Publicato dalla \textit{Tampere University} sulla \href{https://www.tuni.fi/en/students-guide/handbook/uni/studying-0/thesis/masters-thesis-technologyarchitecture}{pagina web dedicata alla tesi per i corsi magistrali in ambito tecnologico}},
  month        = {1},
  year         = {2019},
  url          = {https://content-webapi.tuni.fi/proxy/public/2019-10/tau_thesis_guide_for_technical_fields_2019_version-3-1.pdf}
}

@misc{mannisto2022guide,  
  author       = {Männistö, Tomi and Tiihonen, Juha and Fagerholm, Fabian},  
  title        = {Scientific Writing - Guide of the Empirical Software Engineering Research Group of the University of Helsinki},
  howpublished = {Publicato dall'\textit{Empirical Software Engineering Research Group} della \textit{Università di Helsinki} sulla \href{https://www.helsinki.fi/en/researchgroups/empirical-software-engineering/offered-msc-thesis-topics}{pagina web del gruppo}},
  month        = {11},
  year         = {2022},
  url          = {https://www.cs.helsinki.fi/group/ese/ScientificWritingGuide.pdf}
}

@misc{shoaff2001thesis,  
  author       = {Shoaff, William D.},  
  title        = {How to Write a Master's Thesis in Computer Science},
  howpublished = {Pubblicato sulla \href{https://cs.fit.edu/~wds/}{pagine web del Prof. Shoaff}, ospitata sul sito del Dipartimento di Informatica del \textit{Florida Institute of Technology}},
  month        = {8},
  year         = {2001},
  url          = {https://cs.fit.edu/~wds/guides/howto/howto.html}
}

@misc{harran2023design,  
  title        = {Software Design Report},
  howpublished = {Pubblicato sul \href{https://web.harran.edu.tr/bilgisayar}{sito del Dipartimento di Ingegneria Informatica} della \textit{Harran University}},
  url          = {https://web.harran.edu.tr/assets/uploads/other/files/bilgisayar/files/Software_Design_Document_Template.pdf},
  note         = {consultata in data 17 novembre 2023}
}
