-------------------------------------------------------------
   Bibliography - Blockchain, Ethereum and Solidity basics
-------------------------------------------------------------

Blockchain basics books:
------------------------

@book{tran2022blockchain,
  author       = {Tran, Duc A. and Thai, My T. and Krishnamachari, Bhaskar}, 
  title        = {Handbook on Blockchain},
  series       = {Springer Optimization and Its Applications},
  publisher    = {Springer},
  edition      = {prima},
  month        = {11},
  year         = {2022},
  isbn         = {9783031075353},
  url          = {https://doi.org/10.1007/978-3-031-07535-3}
}

@book{mangrulkar2024blockchain,
  author       = {Mangrulkar, Ramchandra Sharad  and Chavan, Pallavi Vijay}, 
  title        = {Blockchain Essentials - Core Concepts and Implementations},
  publisher    = {Apress},
  month        = {1},
  year         = {2024},
  isbn         = {9781484299753},
  url          = {https://doi.org/10.1007/978-1-4842-9975-3}
}

Ethereum and Solidity documentation:
------------------------------------

@manual{solidity0.8.18doc,
  author       = {{The Solidity Authors}}, 
  title        = {Solidity Documentation - Release 0.8.18},
  month        = {02},
  year         = {2023},
  url          = {https://docs.soliditylang.org/_/downloads/en/v0.8.18/pdf/}
}

@misc{ethereum2024doc,  
  author       = {{Ethereum Foundation}},  
  title        = {Ethereum Development Documentation},
  howpublished = {Documentazione online},
  url          = {https://ethereum.org/developers/docs},
  note         = {consultato in data 15 gennaio 2024}
}

Books about architecture for blokchain-based application:
---------------------------------------------------------

@book{xu2019blockarch,
  author       = {Xu, Xiwei and Weber, Ingo and Staples, Mark}, 
  title        = {Architecture for Blockchain Applications},
  publisher    = {Springer},
  edition      = {prima},
  month        = {3},
  year         = {2019},
  isbn         = {9783030030353},
  url          = {https://doi.org/10.1007/978-3-030-03035-3}
}

Books about Ethereum and smart contract development in Solidity:
----------------------------------------------------------------

@book{antonopoulos2018ethereum,
  author       = {Antonopoulos, Andreas M. and Wood, Gavin}, 
  title        = {Mastering Ethereum: Building Smart Contracts and DApps},
  publisher    = {O'Reilly},
  edition      = {prima},
  month        = {12},
  year         = {2018},
  isbn         = {9781491971949},
  url          = {https://github.com/ethereumbook/ethereumbook}
}

@book{zheng2020solidity,
  author       = {Zheng, Gavin and Gao,Longxiang and Huang, Liqun and Guan, Jian}, 
  title        = {Ethereum Smart Contract Development in Solidity},
  publisher    = {Springer Singapore},
  edition      = {prima},
  month        = {8},
  year         = {2020},
  isbn         = {9789811562181},
  url          = {https://doi.org/10.1007/978-981-15-6218-1}
}

@book{zhang2022solidity,
  author       = {Zhang, Weijia and Anand, Tej}, 
  title        = {Blockchain and Ethereum Smart Contract Solution Development - Dapp Programming with Solidity},
  publisher    = {Apress},
  address      = {Berkeley, CA},
  edition      = {prima},
  month        = {8},
  year         = {2022},
  isbn         = {9781484281635},
  url          = {https://doi.org/10.1007/978-1-4842-8164-2}
}

@book{modi2022solidity,
  author       = {Modi, Ritesh}, 
  title        = {Solidity Programming Essentials: A guide to building smart contracts and tokens using the widely used Solidity language},
  publisher    = {Packt},
  edition      = {seconda},
  month        = {6},
  year         = {2022},
  isbn         = {9781803231181},
  url          = {https://www.packtpub.com/en-us/product/solidity-programming-essentials-9781803231181}
}



