-----------------------------------------------------------
   Bibliography - Formal verification of smart contracts
-----------------------------------------------------------

Documentazione e articoli scientifici che forniscono una panoramica:
--------------------------------------------------------------------

@misc{ethereum2024scfv,  
  author       = {{Ethereum Foundation}},  
  title        = {Formal Verification of Smart Contracts},
  howpublished = {Parte della \textit{Ethereum Development Documentation}},
  url          = {https://ethereum.org/en/developers/docs/smart-contracts/formal-verification},
  note         = {consultato in data 15 gennaio 2024}
}

@article{tolmach2021scfsvsurvey,
  author       = {Tolmach, Palina and Li, Yi and Lin, Shang-Wei and Liu, Yang and Li, Zengxiang}, 
  title        = {A Survey of Smart Contract Formal Specification and Verification},
  journal      = {ACM Computing Surveys},
  volume       = {vol. 54 \space},
  number       = {no. 7},
  pages        = {\space pp. 148:1-148:38},
  month        = {7},
  year         = {2021},
  url          = {https://doi.org/10.1145/3464421}
}

@inproceedings{krichen2022scfmvreview,
  author       = {Krichen, Moez and Lahami, Mariam and Alâ€“Haija, Qasem Abu}, 
  title        = {Formal Methods for the Verification of Smart Contracts: A Review},
  booktitle    = {15th International Conference on Security of Information and Networks (SINCONF '22)},
  pages        = {1-8},
  address      = {Sousse, Tunisia},
  publisher    = {Institute of Electrical and Electronics Engineers (IEEE)},
  year         = {2022},
  url          = {https://www.doi.org/10.1109/SIN56466.2022.9970534},
}

Documentazione e articoli scientifici su SMTChecker di Solidity:
----------------------------------------------------------------

@incollection{solidity0.8.18smtcheckerdoc,
  author       = {{The Solidity Authors}}, 
  title        = {SMTChecker and Formal Verification},
  booktitle    = {Solidity Documentation - Release 0.8.18},
  type         = {sezione},
  chapter      = {3.30},
  pages        = {282-296},
  month        = {02},
  year         = {2023},
  url          = {https://docs.soliditylang.org/_/downloads/en/v0.8.18/pdf/},
}

@article{otoni2023verification,
  author       = {Otoni, Rodrigo and Marescotti, Matteo and Alt, Leonardo and Eugster, Patrick and Hyv\"{a}rinen, Antti and Sharygina, Natasha}, 
  title        = {A Solicitous Approach to Smart Contract Verification},
  journal      = {ACM Transactions on Privacy and Security},
  volume       = {vol. 26 \space},
  number       = {no. 2},
  pages        = {\space pp. 15:1-15:28},
  month        = {3},
  year         = {2023},
  url          = {https://doi.org/10.1145/3564699}
}