---------------------------------------------------------------
            Bibliography for argument X
---------------------------------------------------------------

@misc{x2023misc,  
  author       = {AuthorSurename, AuthorName and OtherAuthorSurename, OtherAuthorName},  
  title        = {Title of the work about argument X},
  howpublished = {How it was published},
  month        = {10},
  year         = {2023},
  url          = {https://www.doi.org/the-identifier/what-is-a-doi/},
  note         = {an optional note}
}