----------------------------------------------------------------------------
   Bibliography - Architecture and development of blockchain applications
----------------------------------------------------------------------------

Libro e articoli scientifici di Xu et al.:
------------------------------------------

@book{xu2019book,
  author       = {Xu, Xiwei and Weber, Ingo and Staples, Mark}, 
  title        = {Architecture for Blockchain Applications},
  publisher    = {Springer},
  edition      = {prima},
  month        = {3},
  year         = {2019},
  isbn         = {9783030030353},
  url          = {https://doi.org/10.1007/978-3-030-03035-3}
}

@inproceedings{xu2018patterns,
  author       = {Xu, Xiwei and Pautasso, Cesare and Zhu, Liming and Lu, Qinghua and Weber, Ingo}, 
  title        = {A Pattern Collection for Blockchain-based Applications},
  booktitle    = {Proceedings of the 23rd European Conference on Pattern Languages of Programs (EuroPLoP '18)},
  pages        = {3:1-3:20},
  address      = {Irsee, Germamia},
  publisher    = {Association for Computing Machinery (ACM)},
  month        = {7},
  year         = {2018},
  url          = {https://www.doi.org/10.1145/3282308.3282312}
}

@inproceedings{xu2018design,
  author       = {Liu, Yue and Lu, Qinghua and Xu, Xiwei and Zhu, Liming and Yao, Haonan}, 
  title        = {Applying Design Patterns in Smart Contracts},
  booktitle    = {Blockchain -- ICBC 2018},
  volume       = {10974},
  series       = {Lecture Notes in Computer Science},
  pages        = {92-106},
  publisher    = {Springer},
  month        = {6},
  year         = {2018},
  url          = {https://doi.org/10.1007/978-3-319-94478-4_7}
}

@inproceedings{xu2017architecture,
  author       = {Xu, Xiwei and Weber, Ingo and Staples, Mark and Zhu, Liming and Bosch, Jan and Bass, Len and Pautasso, Cesare and Rimba, Paul}, 
  title        = {A Taxonomy of Blockchain-Based Systems for Architecture Design},
  booktitle    = {2017 IEEE International Conference on Software Architecture (ICSA)},
  pages        = {243-252},
  address      = {Göteborg, Svezia},
  publisher    = {Institute of Electrical and Electronics Engineers (IEEE)},
  month        = {5},
  year         = {2017},
  url          = {https://www.doi.org/10.1109/ICSA.2017.33}
}

Tesi di dottorato di Wöhrer e articoli scientifici di Wöhrer et al.:
--------------------------------------------------------------------

@phdthesis{wohrer2022thesis,
  author       = {Wöhrer, Maximilian}, 
  title        = {Engineering Blockchain-Based Applications in the Context of the Ethereum Ecosystem},
  type         = {Tesi di dottorato},
  school       = {Universität Wien, Faculty of Computer Science},
  address      = {Austria},
  month        = {9},
  year         = {2022},
  url          = {http://eprints.cs.univie.ac.at/7485/}
}

@inproceedings{wohrer2018designpatterns,
  author       = {Wöhrer, Maximilian and Zdun, Uwe}, 
  title        = {Design Patterns for Smart Contracts in the Ethereum Ecosystem},
  booktitle    = {2018 IEEE International Conference on Internet of Things (iThings) and IEEE Green Computing and Communications (GreenCom) and IEEE Cyber, Physical and Social Computing (CPSCom) and IEEE Smart Data (SmartData)},
  pages        = {1513-1520},
  address      = {Halifax, NS, Canada},
  publisher    = {Institute of Electrical and Electronics Engineers (IEEE)},
  month        = {6},
  year         = {2018},
  url          = {https://www.doi.org/10.1109/Cybermatics_2018.2018.00255}
}

@inproceedings{wohrer2018securitypatterns,
  author       = {Wöhrer, Maximilian and Zdun, Uwe}, 
  title        = {Smart contracts: security patterns in the ethereum ecosystem and solidity},
  booktitle    = {2018 International Workshop on Blockchain Oriented Software Engineering (IWBOSE)},
  pages        = {2-8},
  address      = {Campobasso, Italia},
  publisher    = {Institute of Electrical and Electronics Engineers (IEEE)},
  month        = {3},
  year         = {2018},
  url          = {https://www.doi.org/10.1109/IWBOSE.2018.8327565}
}

@inproceedings{wohrer2020oracle,
  author       = {Mühlberger, Roman and Bachhofner, Stefan and Castelló Ferrer, Eduardo and Di Ciccio, Claudio and Weber, Ingo and Wöhrer, Maximilian and Zdun, Uwe},
  title        = {Foundational Oracle Patterns: Connecting Blockchain to the Off-Chain World},
  booktitle    = {Business Process Management: Blockchain and Robotic Process Automation Forum (BPM '20)},
  volume       = {393},
  series       = {Lecture Notes in Business Information Processing},
  pages        = {35-51},
  publisher    = {Springer},
  month        = {9},
  year         = {2020},
  url          = {https://www.doi.org/10.1007/978-3-030-58779-6_3}
}

@inproceedings{wohrer2021decisions,
  author       = {Wöhrer, Maximilian and Zdun, Uwe}, 
  title        = {Architectural Design Decisions for Blockchain-Based Applications},
  booktitle    = {2021 IEEE International Conference on Blockchain and Cryptocurrency (ICBC)},
  pages        = {1-5},
  address      = {Sydney, Australia},
  publisher    = {Institute of Electrical and Electronics Engineers (IEEE)},
  month        = {6},
  year         = {2021},
  url          = {https://www.doi.org/10.1109/ICBC51069.2021.9461109}
}

@inproceedings{wohrer2021architecture,
  author       = {Wöhrer, Maximilian and Zdun, Uwe and Rinderle-Ma, Stefanie}, 
  title        = {Architecture Design of Blockchain-Based Applications},
  booktitle    = {2021 3rd Conference on Blockchain Research and Applications for Innovative Networks and Services (BRAINS)},
  pages        = {173-180},
  address      = {Paris, Francia},
  publisher    = {Institute of Electrical and Electronics Engineers (IEEE)},
  month        = {10},
  year         = {2021},
  url          = {https://www.doi.org/10.1109/BRAINS52497.2021.9569813}
}

Articoli scientifici di Marchesi et al.:
----------------------------------------

@inproceedings{marchesi2020gas,
  author       = {Marchesi, Lodovica and Marchesi, Michele and Destefanis, Giuseppe and Barabino, Giulio and Tigano, Danilo}, 
  title        = {Design Patterns for Gas Optimization in Ethereum},
  booktitle    = {2020 IEEE International Workshop on Blockchain Oriented Software Engineering (IWBOSE)},
  pages        = {9-15},
  address      = {London, ON, Canada},
  publisher    = {Institute of Electrical and Electronics Engineers (IEEE)},
  month        = {3},
  year         = {2020},
  url          = {https://www.doi.org/10.1109/IWBOSE50093.2020.9050163}
}

@article{marchesi2020agile,
  author       = {Marchesi, Lodovica and Marchesi, Michele and Tonelli, Roberto}, 
  title        = {ABCDE--agile block chain DApp engineering},
  journal      = {Blockchain: Research and Applications (Elsevier)},
  volume       = {vol. 1 \space},
  number       = {no. 1},
  pages        = {\space pp. 2:1-2:18},
  month        = {12},
  year         = {2020},
  url          = {https://www.doi.org/10.1016/j.bcra.2020.100002}
}

@inproceedings{marchesi2018agile,
  author       = {Marchesi, Michele and Marchesi, Lodovica and Tonelli, Roberto}, 
  title        = {An Agile Software Engineering Method to Design Blockchain Applications},
  booktitle    = {Proceedings of the 14th Central and Eastern European Software Engineering Conference Russia (CEE-SECR '18)},
  pages        = {3:1-3:8},
  address      = {Mosca, Russia},
  publisher    = {Association for Computing Machinery (ACM)},
  month        = {10},
  year         = {2018},
  url          = {https://www.doi.org/10.1145/3290621.3290627},
  note         = {an optional note} 
}

Altri articoli scientifici:
---------------------------

@inproceedings{chen2018gas,
  author       = {Chen, Ting and Li, Zihao and Zhou, Hao and Chen, Jiachi and Luo, Xiapu and Li, Xiaoqi and Zhang, Xiaosong}, 
  title        = {Towards saving money in using smart contracts},
  booktitle    = {Proceedings of the 40th International Conference on Software Engineering: New Ideas and Emerging Results (ICSE-NIER '18)},
  pages        = {81-84},
  address      = {Göteborg, Svezia},
  publisher    = {Association for Computing Machinery (ACM)},
  month        = {5},
  year         = {2018},
  url          = {https://www.doi.org/10.1145/3183399.3183420},
}

@misc{beniiche2020oracle,
  author       = {Beniiche, Abdeljalil}, 
  title        = {A Study of Blockchain Oracles},
  howpublished = {Computing Research Repository: Cryptography and Security (arXiv)},
  month        = {7},
  year         = {2020},
  url          = {https://arxiv.org/abs/2004.07140}
}

@inproceedings{wurst2018blockchain,
  author       = {Wüst, Karl and Gervais, Arthur}, 
  title        = {Do you Need a Blockchain?},
  booktitle    = {2018 Crypto Valley Conference on Blockchain Technology (CVCBT)},
  pages        = {45-54},
  c-address    = {Zugo, Svizzera},
  publisher    = {Institute of Electrical and Electronics Engineers (IEEE)},
  month        = {6},
  year         = {2018},
  url          = {https://doi.org/10.1109/CVCBT.2018.00011}
}

@article{kannengiesser2022challanges,
  author       = {Kannengießer, Niclas and Lins, Sebastian and Sander, Christian and Winter, Klaus and Frey, Hellmuth and Sunyaev, Ali}, 
  title        = {Challenges and Common Solutions in Smart Contract Development},
  journal      = {IEEE Transactions on Software Engineering},
  volume       = {vol. 48 \space},
  number       = {no. 11},
  pages        = {\space pp. 4291-4318},
  month        = {11},
  year         = {2022},
  url          = {https://doi.org/10.1109/TSE.2021.3116808}
}

@inproceedings{mandarino2022patterns,
  author       = {Mandarino, Valerio and Pappalardo, Giuseppe and Tramontana, Emiliano}, 
  title        = {Some Blockchain Design Patterns for Overcoming Immutability, Chain-Boundedness, and Gas Fees},
  booktitle    = {2022 3rd Asia Conference on Computers and Communications (ACCC)},
  pages        = {65-71},
  c-address    = {Shanghai, China},
  publisher    = {Institute of Electrical and Electronics Engineers (IEEE)},
  month        = {12},
  year         = {2022},
  url          = {https://doi.org/10.1109/ACCC58361.2022.00018}
}

@article{hu2021survey,
  author       = {Hu, Bin and Zhang, Zongyang and Liu, Jianwei and Liu, Yizhong and Yin, Jiayuan and Lu, Rongxing and Lin, Xiaodong}, 
  title        = {A comprehensive survey on smart contract construction and execution: paradigms, tools, and systems},
  journal      = {Patterns (Cell Press)},
  volume       = {vol. 2 \space},
  number       = {no. 2},
  pages        = {\space pp. 5:1-5:51},
  month        = {2},
  year         = {2021},
  url          = {https://doi.org/10.1016/j.patter.2020.100179}
}
