---------------------------------------
   Bibliography - Blockchain oracles
---------------------------------------

Introduzione agli oracoli blockchain:
-------------------------------------

@misc{beniiche2020oracle,
  author       = {Beniiche, Abdeljalil}, 
  title        = {A Study of Blockchain Oracles},
  howpublished = {Computing Research Repository: Cryptography and Security (arXiv)},
  month        = {7},
  year         = {2020},
  url          = {https://doi.org/10.48550/arXiv.2004.07140}
}

Design pattern per oracoli blockchain:
--------------------------------------

@incollection{xu2019blockchainpatterns,
  author       = {Xu, Xiwei and Weber, Ingo and Staples, Mark}, 
  title        = {Blockchain Patterns},
  booktitle    = {Architecture for Blockchain Applications},
  type         = {capitolo},
  chapter      = {7},
  pages        = {113-148},
  publisher    = {Springer},
  edition      = {prima},
  month        = {3},
  year         = {2019},
  url          = {https://doi.org/10.1007/978-3-030-03035-3_7}
}

@inproceedings{wohrer2020oraclepatterns,
  author       = {Mühlberger, Roman and Bachhofner, Stefan and Castelló Ferrer, Eduardo and Di Ciccio, Claudio and Weber, Ingo and Wöhrer, Maximilian and Zdun, Uwe},
  title        = {Foundational Oracle Patterns: Connecting Blockchain to the Off-Chain World},
  booktitle    = {Business Process Management: Blockchain and Robotic Process Automation Forum (BPM '20)},
  volume       = {393},
  series       = {Lecture Notes in Business Information Processing},
  pages        = {35-51},
  publisher    = {Springer},
  month        = {9},
  year         = {2020},
  url          = {https://doi.org/10.1007/978-3-030-58779-6_3}
}

@inproceedings{liu2020oraclepatterns,
  author       = {Liu, Xiaolong and Chen, Riqing and Chen, Yu-Wen and Yuan, Shyan-Ming}, 
  title        = {Off-chain Data Fetching Architecture for Ethereum Smart Contract},
  booktitle    = {2018 International Conference on Cloud Computing, Big Data and Blockchain (ICCBB)},
  pages        = {15:1-4},
  c-address    = {Fuzhou, Cina},
  publisher    = {Institute of Electrical and Electronics Engineers (IEEE)},
  month        = {11},
  year         = {2018},
  url          = {https://doi.org/10.1109/ICCBB.2018.8756348}
}

Confronto tra oracoli blockchain:
---------------------------------

@article{albreiki2020oraclescompared,
  author       = {Al-Breiki, Hamda and Rehman, Muhammad Habib Ur and Salah, Khaled and Svetinovic, Davor}, 
  title        = {Trustworthy Blockchain Oracles: Review, Comparison, and Open Research Challenges},
  journal      = {IEEE Access (Institute of Electrical and Electronics Engineers)},
  volume       = {vol. 8 \space},
  pages        = {\space pp. 85675-85685},
  month        = {5},
  year         = {2020},
  url          = {https://doi.org/10.1109/ACCESS.2020.2992698}
}

@article{hassan2023oraclescompared,
  author       = {Hassan, Ammar and Makhdoom, Imran and Iqbal, Waseem and Ahmad, Awais and Raza, Asad}, 
  title        = {From trust to truth: Advancements in mitigating the Blockchain Oracle problem},
  journal      = {Journal of Network and Computer Applications (Elsevier)},
  volume       = {vol. 217},
  pages        = {\space pp. 103672:1-17},
  month        = {8},
  year         = {2023},
  url          = {https://doi.org/10.1016/j.jnca.2023.103672},
}

@article{pasdar2023oraclescompared,
  author       = {Pasdar, Amirmohammad and Lee, Young Choon and Dong, Zhongli}, 
  title        = {Connect API with Blockchain: A Survey on Blockchain Oracle Implementation},
  journal      = {ACM Computing Surveys (Association for Computing Machinery)},
  volume       = {vol. 55 \space},
  number       = {no. 10},
  pages        = {\space pp. 208:1-39},
  month        = {2},
  year         = {2023},
  url          = {https://doi.org/10.1145/3567582}
}

Provable (Oraclize):
--------------------

@misc{provable2024doc,  
  author       = {{Provable Things}},  
  title        = {Provable Documentation},
  howpublished = {Documentazione online},
  url          = {https://docs.provable.xyz},
  note         = {consultato in data 13 febbraio 2024}
}

Chainlink:
----------

@misc{chainlink2024doc,  
  author       = {{Chainlink Foundation}},  
  title        = {Chainlink Docs},
  howpublished = {Documentazione online},
  url          = {https://docs.chain.link},
  note         = {consultato in data 13 febbraio 2024}
}

@misc{chainlink2021whitepaper,  
  author       = {Breidenbach, Lorenz and Cachin, Christian and Chan, Benedict and Coventry, Alex and Ellis, Steve and Juels, Ari and Koushanfar, Farinaz and Miller, Andrew and Magauran, Brendan and Moroz, Daniel and Nazarov, Sergey and Topliceanu, Alexandru and Tramèr, Florian and Zhang, Fan},  
  title        = {Chainlink 2.0: Next Steps in the Evolution of Decentralized Oracle Networks},
  month        = {4},
  year         = {2021},
  url          = {https://research.chain.link/whitepaper-v2.pdf}
}

@misc{chainlink2021protocol,  
  author       = {Breidenbach, Lorenz and Cachin, Christian and Coventry, Alex and Juels, Ari and Miller, Andrew},  
  title        = {Chainlink Off-chain Reporting Protocol},
  month        = {2},
  year         = {2021},
  url          = {https://research.chain.link/ocr.pdf},
}

