-------------------------------------------------------------
   Bibliography - Blockchain, Ethereum and Solidity basics
-------------------------------------------------------------

Libri generici sulla blockchain:
--------------------------------

@book{tran2022blockchain,
  author       = {Tran, Duc A. and Thai, My T. and Krishnamachari, Bhaskar}, 
  title        = {Handbook on Blockchain},
  series       = {Springer Optimization and Its Applications},
  publisher    = {Springer},
  edition      = {prima},
  month        = {11},
  year         = {2022},
  isbn         = {9783031075353},
  url          = {https://doi.org/10.1007/978-3-031-07535-3}
}

@book{mangrulkar2024blockchain,
  author       = {Mangrulkar, Ramchandra Sharad  and Chavan, Pallavi Vijay}, 
  title        = {Blockchain Essentials - Core Concepts and Implementations},
  publisher    = {Apress},
  month        = {1},
  year         = {2024},
  isbn         = {9781484299753},
  url          = {https://doi.org/10.1007/978-1-4842-9975-3}
}

Libri specifici per Ethereum e sviluppo di smart contracts Solidity:
--------------------------------------------------------------------

@book{antonopoulos2018ethereum,
  author       = {Antonopoulos, Andreas M. and Wood, Gavin}, 
  title        = {Mastering Ethereum: Building Smart Contracts and DApps},
  publisher    = {O'Reilly},
  edition      = {prima},
  month        = {12},
  year         = {2018},
  isbn         = {9781491971949},
  url          = {https://github.com/ethereumbook/ethereumbook}
}

@book{zheng2020solidity,
  author       = {Zheng, Gavin and Gao,Longxiang and Huang, Liqun and Guan, Jian}, 
  title        = {Ethereum Smart Contract Development in Solidity},
  publisher    = {Springer},
  edition      = {prima},
  month        = {8},
  year         = {2020},
  isbn         = {9789811562181},
  url          = {https://doi.org/10.1007/978-981-15-6218-1}
}

@book{zhang2022solidity,
  author       = {Zhang, Weijia and Anand, Tej}, 
  title        = {Blockchain and Ethereum Smart Contract Solution Development - Dapp Programming with Solidity},
  publisher    = {Apress},
  edition      = {prima},
  month        = {8},
  year         = {2022},
  isbn         = {9781484281635},
  url          = {https://doi.org/10.1007/978-1-4842-8164-2}
}

@book{modi2022solidity,
  author       = {Modi, Ritesh}, 
  title        = {Solidity Programming Essentials: A guide to building smart contracts and tokens using the widely used Solidity language},
  publisher    = {Packt},
  edition      = {seconda},
  month        = {6},
  year         = {2022},
  isbn         = {9781803231181},
  url          = {https://packtpub.com/en-us/product/solidity-programming-essentials-9781803231181}
}

Documentazione di Ethereum e Solidity:
--------------------------------------

@misc{ethereum2024doc,  
  author       = {{Ethereum Foundation}},  
  title        = {Ethereum Development Documentation},
  howpublished = {Documentazione online},
  url          = {https://ethereum.org/developers/docs},
  note         = {consultato in data 15 gennaio 2024}
}

@manual{solidity0.8.18doc,
  author       = {{The Solidity Authors}}, 
  title        = {Solidity Documentation - Release 0.8.18},
  month        = {02},
  year         = {2023},
  url          = {https://docs.soliditylang.org/_/downloads/en/v0.8.18/pdf/}
}

White e yellow paper:
---------------------

@misc{nakamoto2008bitcoin,  
  author       = {Nakamoto, Satoshi},  
  title        = {Bitcoin: A Peer-to-Peer Electronic Cash System},
  year         = {2008},
  url          = {https://bitcoin.org/bitcoin.pdf}
}

@misc{buterin2014ethereumwhite,  
  author       = {Buterin, Vitalik},  
  title        = {Ethereum: A Next-Generation Smart Contract and Decentralized Application Platform},
  month        = {12},
  year         = {2014},
  url          = {https://ethereum.org/content/whitepaper/whitepaper-pdf/Ethereum_Whitepaper_-_Buterin_2014.pdf}
}

@misc{wood2024ethereumyellow,  
  author       = {Wood, Gavin},  
  title        = {Ethereum: A Secure Decentralised Generalised Transaction Ledger (Paris Vesion 2f36cf0)},
  month        = {1},
  year         = {2024 (la prima versione è stata pubblicata nel 2014)},
  url          = {https://ethereum.github.io/yellowpaper/paper.pdf},
  note         = {al link precedente è reperibile l'ultima versione disponibile}
}

Lavori seminali:
----------------

@inproceedings{dwork1993proofofwork,
  author       = {Dwork, Cynthia and Naor, Moni}, 
  title        = {Pricing via Processing or Combatting Junk Mail},
  booktitle    = {Advances in Cryptology - CRYPTO '92 (12th Annual International Cryptology Conference)},
  volume       = {740},
  series       = {Lecture Notes in Computer Science},
  pages        = {139-147},
  c-address    = {Santa Barbara, California, USA},
  publisher    = {Springer},
  month        = {10},
  year         = {1993},
  url          = {https://doi.org/10.1007/3-540-48071-4_10}
}

@misc{szabo1994smartcontracts,  
  author       = {Szabo, Nick},  
  title        = {Smart Contracts},
  year         = {1994},
  url          = {https://nakamotoinstitute.org/smart-contracts/}
}

@article{szabo1997smartcontracts,
  author       = {Szabo, Nick}, 
  title        = {Formalizing and Securing Relationships on Public Networks},
  journal      = {First monday (First Monday Editorial Group)},
  volume       = {vol. 2 \space},
  number       = {no. 9},
  month        = {9},
  year         = {1997},
  url          = {https://doi.org/10.5210/fm.v2i9.548}
}

@misc{dai1997cryptocurrency,  
  author       = {Dai, Wei},  
  title        = {b-money},
  month        = {11},
  year         = {1997},
  url          = {https://nakamotoinstitute.org/b-money/},
}

@inproceedings{vishnumurthy2003proofofwork,
  author       = {Vishnumurthy, Vivek and Chandrakumar, Sangeeth and Sirer, Emin Gun}, 
  title        = {KARMA : A Secure Economic Framework for Peer-to-Peer Resource Sharing},
  booktitle    = {Workshop on Economics of Peer-to-peer Systems},
  c-address    = {Berkeley, California, USA},
  organization = {University of California, Berkeley, School of Information},
  month        = {6},
  year         = {2003},
  url          = {https://groups.ischool.berkeley.edu/archive/p2pecon/papers/s5-vishnumurthy.pdf}
}

@misc{finney2004proofofwork,  
  author       = {Finney, Hal},  
  title        = {RPOW - Reusable Proofs of Work},
  month        = {8},
  year         = {2004},
  url          = {https://nakamotoinstitute.org/finney/rpow/index.html}
}

@misc{szabo2005cryptocurrency,  
  author       = {Szabo, Nick},
  title        = {Bit Gold},
  month        = {12},
  year         = {2005},
  url          = {https://nakamotoinstitute.org/bit-gold/}
}