---------------------------------------------------------------
            Bibliography - Bug bounty basics
---------------------------------------------------------------

Tesi di dottorato Walshe e articoli scientifici di Walshe et al.:
-----------------------------------------------------------------

@phdthesis{walshe2023bountythesis,
  author       = {Walshe, Thomas J.}, 
  title        = {Supporting Data-driven Software Development Life-cycles with Bug Bounty Programmes},
  type         = {Tesi di dottorato},
  school       = {University of Oxford, Wolfson College, Inghilterra},
  month        = {06},
  year         = {2023},
  url          = {https://ora.ox.ac.uk/objects/uuid:4a828bbb-8ff4-4cac-9e09-5699b30c6d52}
}

@incollection{walshe2023bountythesis3,
  author       = {Walshe, Thomas J.}, 
  title        = {Current State of Bug Bounty Programmes and Platforms},
  booktitle    = {Supporting data-driven software development life-cycles with bug bounty programmes},
  type         = {tesi di dottorato,},
  chapter      = {cap. 3},
  pages        = {62-99},
  publisher    = {University of Oxford, Wolfson College, Inghilterra},
  month        = {06},
  year         = {2023},
  url          = {https://ora.ox.ac.uk/objects/uuid:4a828bbb-8ff4-4cac-9e09-5699b30c6d52}
}

@inproceedings{walshe2020bountypaper,
  author       = {Walshe, Thomas J. and Simpson, Andrew}, 
  title        = {An Empirical Study of Bug Bounty Programs},
  booktitle    = {2020 IEEE 2nd International Workshop on Intelligent Bug Fixing (IBF)},
  pages        = {35-44},
  c-address    = {London, ON, Canada},
  publisher    = {Institute of Electrical and Electronics Engineers (IEEE)},
  month        = {2},
  year         = {2020},
  url          = {https://doi.org/10.1109/IBF50092.2020.9034828}
}

Articoli scientifici di Akgul et al.:
-------------------------------------

@inproceedings{akgul2023bughunters,
  author       = {Akgul, Omer and Eghtesad, Taha and Elazari, Amit and Gnawali, Omprakash and Grossklags, Jens and Mazurek, Michelle L. and Votipka, Daniel and Laszka, Aron}, 
  title        = {Bug Hunters’ Perspectives on the Challenges and Benefits of the Bug Bounty Ecosystem},
  booktitle    = {Proceedings of the 32nd USENIX Conference on Security Symposium (SEC '23)},
  pages        = {2275-2291},
  c-address    = {Anaheim, CA, USA},
  publisher    = {USENIX Association},
  month        = {08},
  year         = {2023},
  url          = {https://usenix.org/conference/usenixsecurity23/presentation/akgul}
}

@inproceedings{akgul2020bughunters,
  author       = {Akgul, Omer and Eghtesad, Taha and Elazari, Amit and Gnawali, Omprakash and Grossklags, Jens and Votipka, Daniel and Laszka, Aron}, 
  title        = {The Hackers' Viewpoint: Exploring Challenges and Benefits of Bug-Bounty Programs},
  booktitle    = {Proceedings of the 6th Workshop on Security Information Workers (WSIW '20)},
  c-address    = {evento virtuale},
  publisher    = {Leibniz University Hannover, Germania},
  month        = {11},
  year         = {2020},
  url          = {https://wsiw2020.sec.uni-hannover.de/downloads/WSIW2020-The\%20Hackers\%20Viewpoint.pdf} 
}

Altri articoli scientifici:
---------------------------

@article{malladi2020bugbounty,
  author       = {Malladi, Suresh S. and Subramanian, Hemang C.}, 
  title        = {Bug Bounty Programs for Cybersecurity: Practices, Issues, and Recommendations},
  journal      = {IEEE Software (Institute of Electrical and Electronics Engineers)},
  volume       = {vol. 37 \space},
  number       = {no. 1},
  pages        = {\space pp. 31-39},
  month        = {gennaio-febbario},
  year         = {2020},
  url          = {https://doi.org/10.1109/MS.2018.2880508}
}

@inproceedings{fryer2017bugbounty,
  author       = {Fryer, Huw and Simperl, Elena}, 
  title        = {Web Science Challenges in Researching Bug Bounties},
  booktitle    = {Proceedings of the 2017 ACM on Web Science Conference (WebSci '17)},
  pages        = {273–277},
  c-address    = {Troy, NY, USA},
  publisher    = {Association for Computing Machinery (ACM)},
  month        = {6},
  year         = {2017},
  url          = {https://doi.org/10.1145/3091478.3091517}
}