----------------------------------------------------------
   Bibliography - Blockchain-based bug bounty platforms
----------------------------------------------------------

Articoli scientifici di Hoffman et al. su Bountychain:
------------------------------------------------------

@inproceedings{hoffman2020bountychain,
  author       = {Hoffman, Alex and Becerril-Blas, Eric and Moreno, Kevin and Kim, Yoohwan}, 
  title        = {Decentralized Security Bounty Management on Blockchain and IPFS},
  booktitle    = {2020 10th Annual Computing and Communication Workshop and Conference (CCWC)},
  pages        = {241-247},
  c-address    = {Las Vegas, Nevada, USA},
  publisher    = {Institute of Electrical and Electronics Engineers (IEEE)},
  month        = {1},
  year         = {2020},
  url          = {https://doi.org/10.1109/CCWC47524.2020.9031109}
}

@article{hoffman2021bountychain,
  author       = {Hoffman, Alex and Austria, Phillipe and Park, Chol Hyun and Kim, Yoohwan}, 
  title        = {Bountychain: Toward Decentralizing a Bug Bounty Program with Blockchain and IPFS},
  journal      = {International Journal of Networked and Distributed Computing (Atlantis Press)},
  volume       = {vol. 9},
  issue        = {2-3},
  pages        = {\space pp. 86-93},
  month        = {7},
  year         = {2021},
  url          = {https://doi.org/10.2991/ijndc.k.210527.001}
}

Articoli scientifici di Badash et al. su BBBB Framework:
--------------------------------------------------------

@inproceedings{badash2021blockbounty,
  author       = {Badash, Lital and Tapas, Nachiket and Nadler, Asaf and Longo, Francesco and Shabtai, Asaf}, 
  title        = {Blockchain-Based Bug Bounty Framework},
  booktitle    = {Proceedings of the 36th Annual ACM Symposium on Applied Computing (SAC '21)},
  pages        = {239-248},
  c-address    = {Repubblica di Corea (evento virtuale)},
  publisher    = {Association for Computing Machinery (ACM)},
  month        = {3},
  year         = {2021},
  url          = {https://doi.org/10.1145/3412841.3441906}
}

Articoli scientific di Lisi et al. su ARD:
------------------------------------------

@article{lisi2022ard,
  author       = {Lisi, Andrea and Mukherjee, Prateeti and De Santis, Laura and Wu, Lei and Lagutin, Dmitrij and Kortesniemi, Yki}, 
  title        = {Automated Responsible Disclosure of Security Vulnerabilities},
  journal      = {IEEE Access (Institute of Electrical and Electronics Engineers)},
  volume       = {vol. 10},
  pages        = {\space pp. 10472-10489},
  month        = {9},
  year         = {2022},
  url          = {https://doi.org/10.1109/ACCESS.2021.3126401}
}
