--------------------------------------------
   Bibliography - Computer science basics 
--------------------------------------------

Software quality and security:
------------------------------

@incollection{bettini2021tdd15,
  author       = {Bettini, Lorenzo}, 
  title        = {Code Quality},
  booktitle    = {Test-Driven Development, Build Automation, Continuous Integration with Java, Eclipse and friends},
  type         = {capitolo},
  chapter      = {15},
  pages        = {504-524},
  publisher    = {Leanpub},
  month        = {2},
  year         = {2021},
  url          = {https://leanpub.com/tdd-buildautomation-ci}
}

@incollection{mitropoulos2017securing,
  author       = {Mitropoulos, Dimitris}, 
  title        = {Securing Software},
  booktitle    = {Encyclopedia of Computer Science and Technology},
  volume       = {2},
  pages        = {678-687},
  publisher    = {CRC Press},
  edition      = {seconda},
  month        = {10},
  year         = {2017},
  url          = {https://books.google.it/books?vid=ISBN9781482208214}
}
