------------------------------
   Bibliography - Debugging
------------------------------

Revisione sistematica sul debugging:
------------------------------------

@article{mccauley2008debugreview,
  author       = {McCauley, Renée and Fitzgerald, Sue and Lewandowski, Gary and Murphy, Laurie and  Simon, Beth and Thomas, Lynda and Zander, Carol}, 
  title        = {Debugging: a review of the literature from an educational perspective},
  journal      = {Computer Science Education (Routledge)},
  volume       = {vol. 18 \space},
  number       = {no. 2},
  pages        = {\space pp. 67-92},
  month        = {6},
  year         = {2008},
  url          = {https://doi.org/10.1080/08993400802114581}
}

@inproceedings{ghosh2019debugreview,
  author       = {Ghosh, Debolina and Singh, Jagannath}, 
  title        = {A Systematic Review on Program Debugging Techniques},
  booktitle    = {Smart Computing Paradigms: New Progresses and Challenges - Proceedings of ICACNI 2018},
  volume       = {767},
  series       = {Advances in Intelligent Systems and Computing},
  pages        = {193-199},
  publisher    = {Springer},
  month        = {12},
  year         = {2019},
  url          = {https://doi.org/10.1007/978-981-13-9680-9_16}
}

Remote debugging:
-----------------

@article{papoulias2015remotedebug,
  author       = {Papoulias, Nick and Bouraqadi, Noury and Fabresse, Luc and Ducasse, Stéphane and Denker, Marcus}, 
  title        = {Mercury: Properties and Design of a Remote Debugging Solution using Reflection},
  journal      = {Journal of Object Technology (AITO)},
  volume       = {vol. 14 \space},
  number       = {no. 2},
  pages        = {\space pp. 1:1-1:36},
  month        = {5},
  year         = {2015},
  url          = {https://doi.org/10.5381/jot.2015.14.2.a1}
}

@inproceedings{ozcan2019remotedebug,
  author       = {Ozcan, Muhammet Oguz and Odaci, Fatih and Ari, Ismail}, 
  title        = {Remote Debugging for Containerized Applications in Edge Computing Environments},
  booktitle    = {2019 IEEE International Conference on Edge Computing (EDGE)},
  pages        = {30-32},
  c-address    = {Milano, Italia},
  publisher    = {Institute of Electrical and Electronics Engineers (IEEE)},
  month        = {8},
  year         = {2019},
  url          = {https://doi.org/10.1109/EDGE.2019.00021} 
}

Reverse debugging:
------------------

@inproceedings{engblom2012reversedebug,
  author       = {Engblom, Jakob}, 
  title        = {A review of reverse debugging},
  booktitle    = {Proceedings of the 2012 System, Software, SoC and Silicon Debug Conference},
  pages        = {5:1-5:6},
  c-address    = {Vienna, Austria},
  publisher    = {Institute of Electrical and Electronics Engineers (IEEE)},
  month        = {10},
  year         = {2012},
  url          = {https://ieeexplore.ieee.org/abstract/document/6338149}
}

@misc{savidis2021reversedebug,  
  author       = {Savidis, Anthony and Tsiatsianas, Vangelis},  
  title        = {Implementation of Live Reverse Debugging in LLDB},
  howpublished = {Computing Research Repository: Software Engineering (arXiv)},
  month        = {8},
  year         = {2021},
  url          = {https://arxiv.org/abs/2105.12819}
}