-------------------------------
   Bibliography - Dedication
-------------------------------

@book{valery1920marin,
  author       = {Valéry, Paul}, 
  title        = {Il cimitero marino},
  publisher    = {Interlinea edizioni},
  year         = {2016},
  isbn         = {9788868570880},
  note         = {Pubblicato per la prima volta nel 1920 con il titolo \textit{Le Cimetière marin}}
}

@article{knuth1991theory,
  author       = {Knuth, Donald E.}, 
  title        = {Theory and Practice},
  journal      = {Theoretical Computer Science (Elsevier)},
  volume       = {vol. 90 \space},
  number       = {no. 1},
  pages        = {\space pp. 1-15},
  month        = {11},
  year         = {1991},
  url          = {https://doi.org/10.1016/0304-3975(91)90295-D}
}