---------------------------------------------------
   Bibliography - Fair exchange protocols basics
---------------------------------------------------

Articoli scientifici seminali:
------------------------------

@techreport{asokan1996fairexchange,
  author       = {Asokan, N. and Schunter, Matthias and Waidner, Michael}, 
  title        = {Optimistic Protocols for Multi-Party Fair Exchange},
  type         = {Report di ricerca},
  institution  = {IBM Research Division},
  month        = {11},
  year         = {1996},
  url          = {https://schunter.org/bibliography/AsSW2_96FairMPX.IBMrep.pdf},
}

@inproceedings{franklin1997fairexchange,
  author       = {Franklin, Matthew K. and Reiter, Michael K.}, 
  title        = {Fair Exchange with a Semi-Trusted Third Party},
  booktitle    = {Proceedings of the 4th ACM Conference on Computer and Communications Security (CCS '97)},
  pages        = {1-5},
  c-address    = {Zurigo, Svizzera},
  publisher    = {Association for Computing Machinery (ACM)},
  month        = {4},
  year         = {1997},
  url          = {https://doi.org/10.1145/266420.266424}
}

@inproceedings{asokan1998fairexchange,
  author       = {Asokan, N. and Shoup, Victor and Waidner, Michael}, 
  title        = {Optimistic Fair Exchange of Digital Signatures},
  booktitle    = {Advances in Cryptology (EUROCRYPT'98)},
  volume       = {1403},
  series       = {Lecture Notes in Computer Science},
  pages        = {591-606},
  publisher    = {Springer},
  month        = {5},
  year         = {1998},
  url          = {https://doi.org/10.1007/BFb0054156}
}

@inproceedings{franklin1998fairexchange,
  author       = {Franklin, Matt and Tsudik, Gene}, 
  title        = {Secure Group Barter: Multi-party Fair Exchange with Semi-trusted Neutral Parties},
  booktitle    = {Financial Cryptography (FC '98)},
  volume       = {1465},
  series       = {Lecture Notes in Computer Science},
  pages        = {90-102},
  publisher    = {Springer},
  month        = {5},
  year         = {1998},
  url          = {https://doi.org/10.1007/BFb0055475}
}

Articoli scientifici panoramici:
--------------------------------

@article{alotaibi2012fairreview,
  author       = {AlOtaibi, Abdullah and Aldabbas, Hamza}, 
  title        = {A Review of Fair Exchange Protocols},
  journal      = {International Journal of Computer Networks \& Communications (AIRCC)},
  volume       = {vol. 4 \space},
  number       = {no. 4},
  pages        = {\space pp. 20:1-13},
  month        = {7},
  year         = {2012},
  url          = {https://doi.org/10.5121/ijcnc.2012.4420}
}

@inproceedings{loh2017fairreview,
  author       = {Loh, Jia-Ch'ng and Heng, Swee-Huay and Tan, Syh-Yuan}, 
  title        = {Fair Exchange Protocol in Electronic Transactions Revisited},
  booktitle    = {2017 5th International Conference on Information and Communication Technology (ICoIC7)},
  pages        = {21:1-6},
  c-address    = {Malacca, Malesia},
  publisher    = {Institute of Electrical and Electronics Engineers (IEEE)},
  month        = {5},
  year         = {2017},
  url          = {https://doi.org/10.1109/ICoICT.2017.8074660}
}

@inproceedings{duangphasuk2020fairreview,
  author       = {Duangphasuk, Surakarn and Duangphasuk, Pruegsa and Thammarat, Chalee}, 
  title        = {Fair Exchange Protocol in Electronic Transactions Revisited},
  booktitle    = {2020 17th International Conference on Electrical Engineering/Electronics, Computer, Telecommunications and Information Technology (ECTI-CON)},
  pages        = {331-334},
  c-address    = {Phuket, Thailandia},
  publisher    = {Institute of Electrical and Electronics Engineers (IEEE)},
  month        = {6},
  year         = {2020},
  url          = {https://doi.org/10.1109/ECTI-CON49241.2020.9158264}
}
