-------------------------------------------------------------
   Bibliography - Blockchain-based fair exchange protocols
-------------------------------------------------------------

Articoli scientifici su FairSwap:
---------------------------------

@inproceedings{dziembowski2018fairswap,
  author       = {Dziembowski, Stefan and Eckey, Lisa and Faust, Sebastian}, 
  title        = {FairSwap: How To Fairly Exchange Digital Goods},
  booktitle    = {Proceedings of the 2018 ACM SIGSAC Conference on Computer and Communications Security (CCS '18)},
  pages        = {967-984},
  c-address    = {Toronto, Canada},
  publisher    = {Association for Computing Machinery (ACM)},
  month        = {10},
  year         = {2018},
  url          = {https://doi.org/10.1145/3243734.3243857}
}

@article{avizheh2022fairswap,
  author       = {Avizheh, Sepideh and Haffey, Preston and Safavi{-}Naini, Reihaneh}, 
  title        = {Privacy-preserving FairSwap: Fairness and privacy interplay},
  journal      = {Proceedings on Privacy Enhancing Technologies (De Gruyter Open)},
  volume       = {vol. 2022 \space},
  number       = {no. 1},
  pages        = {\space pp. 417-439},
  month        = {1},
  year         = {2022},
  url          = {https://doi.org/10.2478/popets-2022-0021}
}

Articoli scientifici su OptiSwap:
---------------------------------

@inproceedings{eckey2020optiswap,
  author       = {Eckey, Lisa and Faust, Sebastian and Schlosser, Benjamin}, 
  title        = {OptiSwap: Fast Optimistic Fair Exchange},
  booktitle    = {Proceedings of the 15th ACM Asia Conference on Computer and Communications Security (ASIA CCS '20)},
  pages        = {543-557},
  c-address    = {Taipei, Taiwan},
  publisher    = {Association for Computing Machinery (ACM)},
  month        = {10},
  year         = {2020},
  url          = {https://doi.org/10.1145/3320269.3384749}
}

@inproceedings{avizheh2021optiswap,
  author       = {Avizheh, Sepideh and Haffey, Preston and Safavi-Naini, Reihaneh}, 
  title        = {Privacy-enhanced OptiSwap},
  booktitle    = {Proceedings of the 2021 on Cloud Computing Security Workshop (CCSW '21)},
  pages        = {39-57},
  c-address    = {evento virtuale, Repubblica di Corea},
  publisher    = {Association for Computing Machinery (ACM)},
  month        = {11},
  year         = {2021},
  url          = {https://doi.org/10.1145/3474123.3486756}
}

Articoli scientifici su cost fairness:
--------------------------------------

@inproceedings{lhor2020costfairness,
  author       = {Lohr, Matthias and Schlosser, Benjamin and Jürjens, Jan and Staab, Steffen}, 
  title        = {Cost Fairness for Blockchain-Based Two-Party Exchange Protocols},
  booktitle    = {2020 IEEE International Conference on Blockchain (Blockchain)},
  pages        = {428-435},
  c-address    = {Rodi, Grecia},
  publisher    = {Institute of Electrical and Electronics Engineers (IEEE)},
  month        = {12},
  year         = {2020},
  url          = {https://doi.org/10.1109/Blockchain50366.2020.00062}
}

@inproceedings{lhor2022costfairness,
  author       = {Lohr, Matthias and Skiba, Kenneth and Konersmann, Marco and Jürjens, Jan and Staab, Steffen}, 
  title        = {Formalizing Cost Fairness for Two-Party Exchange Protocols using Game Theory and Applications to Blockchain},
  booktitle    = {2022 IEEE International Conference on Blockchain and Cryptocurrency (ICBC)},
  pages        = {25:1-25:5},
  c-address    = {Shanghai, China},
  publisher    = {Institute of Electrical and Electronics Engineers (IEEE)},
  month        = {6},
  year         = {2022},
  url          = {https://doi.org/10.1109/ICBC54727.2022.9805522}
}

@misc{lhor2022costfairnessext,  
  author       = {Lohr, Matthias and Skiba, Kenneth and Konersmann, Marco and Jürjens, Jan and Staab, Steffen},  
  title        = {Formalizing Cost Fairness for Two-Party Exchange Protocols using Game Theory and Applications to Blockchain (Extended Version)},
  howpublished = {Computing Research Repository: Distributed, Parallel, and Cluster Computing (arXiv)},
  month        = {3},
  year         = {2022},
  url          = {https://doi.org/10.48550/arXiv.2203.05925}
}

Articoli scientifici su protocolli che usano zero-knowledge proof:
------------------------------------------------------------------

@inproceedings{janin2020fairdata,
  author       = {Janin, Simon and Qin, Kaihua and Mamageishvili, Akaki and Gervais, Arthur}, 
  title        = {FileBounty: Fair Data Exchange},
  booktitle    = {2020 IEEE European Symposium on Security and Privacy Workshops (EuroS\&PW)},
  pages        = {357-366},
  c-address    = {Genova, Italia},
  publisher    = {Institute of Electrical and Electronics Engineers (IEEE)},
  month        = {10},
  year         = {2020},
  url          = {https://www.doi.org/10.1109/EuroSPW51379.2020.00056}
}

@inproceedings{bursuc2022fairabelian,
  author       = {Bursuc, Sergiu and Mauw, Sjouke}, 
  title        = {Contingent payments from two-party signing and verification for abelian groups},
  booktitle    = {2022 IEEE 35th Computer Security Foundations Symposium (CSF)},
  pages        = {195-210},
  c-address    = {Haifa, Israele},
  publisher    = {Institute of Electrical and Electronics Engineers (IEEE)},
  month        = {10},
  year         = {2022},
  url          = {https://www.doi.org/10.1109/CSF54842.2022.9919654}
}

Altri articoli scientifici:
---------------------------

@inproceedings{chenli2021fairtrade,
  author       = {Chenli, Changhao and Tang, Wenyi and Jung, Taeho}, 
  title        = {FairTrade: Efficient Atomic Exchange-based Fair Exchange Protocol for Digital Data Trading},
  booktitle    = {2021 IEEE International Conference on Blockchain (Blockchain)},
  pages        = {38-46},
  c-address    = {Melbourne, Australia},
  publisher    = {Institute of Electrical and Electronics Engineers (IEEE)},
  month        = {12},
  year         = {2021},
  url          = {https://www.doi.org/10.1109/Blockchain53845.2021.00017}
}