-------------------------------------------
   Bibliography - Off-chain data storages
-------------------------------------------

Confronto tra on-chain e off-chain data storages:
-------------------------------------------------

@inproceedings{gong2023onoffchain,
  author       = {Gong, Fanshu and Kong, Lanju and Lu, Yuxuan and Qian, Jin and Min, Xinping}, 
  title        = {An Overview of Blockchain Scalability for Storage},
  booktitle    = {2023 26th International Conference on Computer Supported Cooperative Work in Design (CSCWD)},
  pages        = {516-521},
  c-address    = {Rio de Janeiro, Brazile},
  publisher    = {Institute of Electrical and Electronics Engineers (IEEE)},
  month        = {5},
  year         = {2023},
  url          = {https://doi.org/10.1109/CSCWD57460.2023.10152720}
}

@inproceedings{priya2023onoffchain,
  author       = {Priya, E. Sweetline and Priya, R.}, 
  title        = {Performance Comparison of On-Chain and Off-Chain Data Storage Model Using Blockchain Technology},
  booktitle    = {Evolution in Computational Intelligence - Proceedings of the 11th International Conference on Frontiers of Intelligent Computing: Theory and Applications (FICTA 2023)},
  volume       = {370},
  series       = {Smart Innovation, Systems and Technologies},
  pages        = {499-511},
  c-address    = {Cardiff, Galles, UK},
  publisher    = {Springer},
  month        = {11},
  year         = {2023},
  url          = {https://doi.org/10.1007/978-981-99-6702-5_41}
}

Confronto tra diverse soluzioni per off-chain data storage:
-----------------------------------------------------------

@inproceedings{ismail2022offchain,
  author       = {Ismail, Aisyah and Toohey, Mark and Lee, Young Choon and Dong, Zhongli and Zomaya, Albert Y.}, 
  title        = {Cost and Performance Analysis on Decentralized File Systems for Blockchain-Based Applications: State-of-the-Art Report},
  booktitle    = {2022 IEEE International Conference on Blockchain (Blockchain)},
  pages        = {230-237},
  c-address    = {Espoo, Finlandia},
  publisher    = {Institute of Electrical and Electronics Engineers (IEEE)},
  month        = {8},
  year         = {2022},
  url          = {https://doi.org/10.1109/Blockchain55522.2022.00039}
}

@inproceedings{mohtar2022offchain,
  author       = {Mohtar, Zulwaqar Zain and Idris, Mohd Yazid and Mohamed, Farhan}, 
  title        = {Blockchain-Based Distributed File System Security and Privacy: A Systematic Mapping Study},
  booktitle    = {2022 4th International Conference on Smart Sensors and Application (ICSSA)},
  pages        = {64-69},
  c-address    = {Kuala Lumpur, Malesia},
  publisher    = {Institute of Electrical and Electronics Engineers (IEEE)},
  month        = {7},
  year         = {2022},
  url          = {https://doi.org/10.1109/ICSSA54161.2022.9870967}
}

Documentazione e articoli scientifici ufficiali di IPFS:
--------------------------------------------------------

@misc{ipfs2024doc,  
  author       = {{Protocol Labs}},  
  title        = {IPFS Documentation},
  howpublished = {Documentazione online},
  url          = {https://docs.ipfs.tech/},
  note         = {consultato in data 9 febbrario 2024}
}

@misc{benet2014ipfs,
  author       = {Benet, Juan}, 
  title        = {IPFS - Content Addressed, Versioned, P2P File System},
  howpublished = {Computing Research Repository: Networking and Internet Architecture (arXiv)},
  month        = {7},
  year         = {2014},
  url          = {https://doi.org/10.48550/arXiv.1407.3561}
}

@inproceedings{trautwein2023ipfs,
  author       = {Trautwein, Dennis and Raman, Aravindh and Tyson, Gareth and Castro, Ignacio and Scott, Will and Schubotz, Moritz and Gipp, Bela and Psaras, Yiannis}, 
  title        = {Design and Evaluation of IPFS: a Storage Layer for the Decentralized Web},
  booktitle    = {Proceedings of the ACM SIGCOMM 2022 Conference},
  pages        = {739-752},
  c-address    = {Amsterdam, Paesi Bassi},
  publisher    = {Association for Computing Machinery (ACM)},
  month        = {8},
  year         = {2022},
  url          = {https://doi.org/10.1145/3544216.3544232}
}

Altri articolo scientifici su IPFS:
-----------------------------------

@article{doan2022ipfs,
  author       = {Doan, Trinh Viet and Psaras, Yiannis and Ott, JÃ¶rg and Bajpai, Vaibhav}, 
  title        = {Toward Decentralized Cloud Storage With IPFS: Opportunities, Challenges, and Future Considerations},
  journal      = {IEEE Internet Computing (Institute of Electrical and Electronics Engineers)},
  volume       = {vol. 26 \space},
  number       = {no. 6},
  pages        = {\space pp. 7-15},
  month        = {11},
  year         = {2022},
  url          = {https://doi.org/10.1109/MIC.2022.3209804}
}

@inproceedings{kaur2023ipfs,
  author       = {Kaur, Manpreet and Gupta, Shikha and Kumar, Deepak and Raboaca, Maria Simona and Goyal, S. B. and Verma, Chaman}, 
  title        = {IPFS: An Off-Chain Storage Solution for Blockchain},
  booktitle    = {Proceedings of International Conference on Recent Innovations in Computing (ICRIC 2022)},
  volume       = {1001},
  series       = {Lecture Notes in Electrical Engineering},
  pages        = {513-525},
  c-address    = {Jammu, India},
  publisher    = {Springer},
  month        = {5},
  year         = {2023},
  url          = {https://doi.org/10.1007/978-981-19-9876-8_39}
}