----------------------------------------------
   Bibliography - Proof of Knowledge basics
----------------------------------------------

Monografia:
-----------

@article{thaler2022pokbook,
  author       = {Thaler, Justin}, 
  title        = {Proofs, Arguments, and Zero-Knowledge},
  journal      = {Foundations and Trends in Privacy and Security (Now)},
  volume       = {vol. 4 \space},
  number       = {no. 2-4},
  pages        = {\space pp. 117-660},
  month        = {12},
  year         = {2022},
  url          = {https://doi.org/10.1561/3300000030}
}

Capitoli di libri:
------------------

@incollection{hazay2010sigmazero,
  author       = {Hazay, Carmit and Lindell, Yehuda}, 
  title        = {Sigma Protocols and Efficient Zero-Knowledge},
  booktitle    = {Efficient Secure Two-Party Protocols: Techniques and Constructions},
  type         = {capitolo},
  chapter      = {6},
  pages        = {147-175},
  publisher    = {Springer},
  month        = {10},
  year         = {2010},
  url          = {https://doi.org/10.1007/978-3-642-14303-8_6}
}

@incollection{boneh2023sigma,
  author       = {Boneh, Dan and Shoup, Victor}, 
  title        = {Identification and signatures from Sigma protocols},
  booktitle    = {A Graduate Course in Applied Cryptography},
  type         = {capitolo},
  chapter      = {19},
  pages        = {755-822},
  publisher    = {Pubblicato su \url{https://toc.cryptobook.us/}, versione 0.6},
  month        = {1},
  year         = {2023},
  url          = {https://crypto.stanford.edu/~dabo/cryptobook/BonehShoup_0_6.pdf}
}

@incollection{boneh2023zero,
  author       = {Boneh, Dan and Shoup, Victor}, 
  title        = {Proving properties in zero-knowledge},
  booktitle    = {A Graduate Course in Applied Cryptography},
  type         = {capitolo},
  chapter      = {20},
  pages        = {823-854},
  publisher    = {Pubblicato su \url{https://toc.cryptobook.us/}, versione 0.6},
  month        = {1},
  year         = {2023},
  url          = {https://crypto.stanford.edu/~dabo/cryptobook/BonehShoup_0_6.pdf}
}

@incollection{li2014zero,
  author       = {Li, Feng and McMillin, Bruce}, 
  title        = {A Survey on Zero-Knowledge Proofs},
  booktitle    = {Advances in Computers},
  volume       = {94},
  type         = {capitolo},
  chapter      = {2},
  pages        = {25-69},
  publisher    = {Elsevier},
  month        = {7},
  year         = {2014},
  url          = {https://doi.org/10.1016/B978-0-12-800161-5.00002-5}
}

Articoli scientifici seminali:
------------------------------

@inproceedings{goldwasser1985pok,
  author       = {Goldwasser, Shafi and Micali, Silvio and Rackoff, Charles}, 
  title        = {The Knowledge Complexity of Interactive Proof-Systems},
  booktitle    = {Proceedings of the Seventeenth Annual ACM Symposium on Theory of Computing (STOC '85)},
  pages        = {291-304},
  c-address    = {Providence, Rhode Island, USA},
  publisher    = {Association for Computing Machinery (ACM)},
  month        = {12},
  year         = {1985},
  url          = {https://doi.org/10.1145/22145.22178}
}

Articoli scientifici:
---------------------

@misc{ernstberger2024zeroneed,  
  author       = {Ernstberger, Jens and Chaliasos, Stefanos and Zhou, Liyi and Jovanovic, Philipp and Gervais, Arthur},  
  title        = {Do You Need a Zero Knowledge Proof?},
  howpublished = {Cryptology ePrint Archive, paper 2024/050},
  month        = {1},
  year         = {2024},
  url          = {https://eprint.iacr.org/2024/050}
}

@article{morais2019zero,
  author       = {Morais, Eduardo and Koens, Tommy and van Wijk, Cees and Koren, Aleksei}, 
  title        = {A survey on zero knowledge range proofs and applications},
  journal      = {SN Applied Sciences (Springer)},
  volume       = {vol. 1 \space},
  number       = {no. 8},
  pages        = {\space pp. 5:1-5:17},
  month        = {7},
  year         = {2019},
  url          = {https://doi.org/10.1007/s42452-019-0989-z}
}
