------------------------------------------------------
   Bibliography - Proof of Knowledge for Blockchain
------------------------------------------------------

Articoli scientifici:
---------------------

@inproceedings{zhou2022zerochain,
  author       = {Zhou, Yu and Wei, Zeming and Ma, Shansi and Tang, Hua}, 
  title        = {Overview of Zero-Knowledge Proof and Its Applications in Blockchain},
  booktitle    = {Blockchain Technology and Application - 5th CCF China Blockchain Conference},
  volume       = {1736},
  series       = {Communications in Computer and Information Science},
  pages        = {60-82},
  c-address    = {Wuxi, China},
  publisher    = {Springer},
  month        = {12},
  year         = {2022},
  url          = {https://doi.org/10.1007/978-981-19-8877-6_5}
}

@article{partala2020zerochain,
  author       = {Partala, Juha and Nguyen, Tri Hong and Pirttikangas, Susanna}, 
  title        = {Non-Interactive Zero-Knowledge for Blockchain: A Survey},
  journal      = {IEEE Access},
  volume       = {vol. 8 \space},
  pages        = {\space pp. 227945-227961},
  month        = {12},
  year         = {2020},
  url          = {https://doi.org/10.1109/ACCESS.2020.3046025}
}





