-------------------------------------------------
   Bibliography - Symbolic execution with angr
-------------------------------------------------

Documentazione:
---------------

@manual{angr9.2.90doc,  
  author       = {{The angr Project contributors}},  
  title        = {angr: The angr Project (v9.2.90)},
  month        = {2},
  year         = {2024},
  url          = {https://docs.angr.io/_/downloads/en/v9.2.90/pdf/}
}

Articoli scientifici:
---------------------

@inproceedings{shoshitaishvili2016angr,
  author       = {Shoshitaishvili, Yan and Wang, Ruoyu and Salls, Christopher and Stephens, Nick and Polino, Mario and Dutcher, Andrew and Grosen, John and Feng, Siji and Hauser, Christophe and Kruegel, Christopher and Vigna, Giovanni}, 
  title        = {SOK: (State of) The Art of War: Offensive Techniques in Binary Analysis},
  booktitle    = {2016 IEEE Symposium on Security and Privacy (SP)},
  pages        = {138-157},
  c-address    = {San Jose, CA, USA},
  publisher    = {Institute of Electrical and Electronics Engineers (IEEE)},
  month        = {5},
  year         = {2016},
  url          = {https://doi.org/10.1109/SP.2016.17}
}

@inproceedings{stephens2016driller,
  author       = {Stephens, Nick and Grosen, Jessie and Salls, Christopher and Dutcher, Audrey and Wang, Ruoyu and Corbetta, Jacopo and Shoshitaishvili, Yan and Kruegel, Christopher and Vigna, Giovanni}, 
  title        = {Driller: Augmenting Fuzzing Through Selective Symbolic Execution},
  booktitle    = {Network and Distributed System Security (NDSS) Symposium 2016},
  c-address    = {San Diego, CA, USA},
  publisher    = {Internet Society (ISOC)},
  month        = {2},
  year         = {2016},
  url          = {https://doi.org/10.14722/NDSS.2016.23368}
}

@inproceedings{shoshitaishvili2015firmlice,
  author       = {Shoshitaishvili, Yan and Wang, Ruoyu and Hauser, Christophe and Kruegel, Christopher and Vigna, Giovanni}, 
  title        = {Firmalice - Automatic Detection of Authentication Bypass Vulnerabilities in Binary Firmware},
  booktitle    = {Network and Distributed System Security (NDSS) Symposium 2015},
  c-address    = {San Diego, CA, USA},
  publisher    = {Internet Society (ISOC)},
  month        = {2},
  year         = {2015},
  url          = {https://doi.org/10.14722/NDSS.2015.23294}
}

Altri articoli scientifici:
---------------------------

@inproceedings{springer2018teaching,
  author       = {Springer, Jacob and Feng, Wu-chang}, 
  title        = {Teaching with angr: A Symbolic Execution Curriculum and CTF},
  booktitle    = {2018 USENIX Workshop on Advances in Security Education (ASE 18)},
  c-address    = {Baltimora, MD, USA},
  publisher    = {USENIX Association},
  month        = {8},
  year         = {2018},
  url          = {https://www.usenix.org/conference/ase18/presentation/springer}
}

@inproceedings{biondi2018tutorial,
  author       = {Biondi, Fabrizio and Given-Wilson, Thomas and Legay, Axel and Puodzius, Cassius and Quilbeuf, Jean}, 
  title        = {Tutorial: An Overview of Malware Detection and Evasion Techniques},
  booktitle    = {Leveraging Applications of Formal Methods, Verification and Validation: Modeling (ISoLA 2018)},
  volume       = {11244},
  series       = {Lecture Notes in Computer Science},
  pages        = {565-586},
  c-address    = {Rodi. Grecia},
  publisher    = {Springer},
  month        = {10},
  year         = {2018},
  url          = {https://doi.org/10.1007/978-3-030-03418-4_34}
}
