---------------------------------------------
   Bibliography - Symbolic execution basis
---------------------------------------------

Revisioni sistematiche:
-----------------------

@article{baldoni2018symbexereview,
  author       = {Baldoni, Roberto and Coppa, Emilio and D’elia, Daniele Cono and Demetrescu, Camil and Finocchi, Irene}, 
  title        = {A Survey of Symbolic Execution Techniques},
  journal      = {ACM Computing Surveys (Association for Computing Machinery)},
  volume       = {vol. 51 \space},
  number       = {no. 3},
  pages        = {\space pp. 50:1-50:39},
  month        = {5},
  year         = {2019},
  url          = {https://doi.org/10.1145/3182657}
}

@incollection{yang2019symbexereview,
  author       = {Yang, Guowei and Filieri, Antonio and Borges, Mateus and Clun, Donato and Wen, Junye}, 
  title        = {Advances in Symbolic Execution},
  volume       = {113},
  series       = {Advances in Computers},
  type         = {capitolo},
  chapter      = {5},
  pages        = {225-287},
  publisher    = {Elsevier},
  edition      = {prima},
  month        = {1},
  year         = {2019},
  url          = {https://doi.org/10.1016/bs.adcom.2018.10.002}
}

@incollection{pasareanu2019symbexereview,
  author       = {Păsăreanu, Corina S. and Kersten, Rody and Luckow, Kasper and Phan, Quoc-Sang}, 
  title        = {Symbolic Execution and Recent Applications to Worst-Case Execution, Load Testing, and Security Analysis},
  volume       = {113},
  series       = {Advances in Computers},
  type         = {capitolo},
  chapter      = {6},
  pages        = {289-314},
  publisher    = {Elsevier},
  edition      = {prima},
  month        = {1},
  year         = {2019},
  url          = {https://doi.org/10.1016/bs.adcom.2018.10.004}
}

Revisioni di tools:
-------------------

@article{xu2020symbexetools,
  author       = {Xu, Hui and Zhao, Zirui and Zhou, Yangfan and Lyu, Michael R.}, 
  title        = {Benchmarking the Capability of Symbolic Execution Tools with Logic Bombs},
  journal      = {IEEE Transactions on Dependable and Secure Computing (Institute of Electrical and Electronics Engineers)},
  volume       = {vol. 17 \space},
  number       = {no. 6},
  pages        = {\space pp. 1243-1256},
  month        = {novembre-dicembre},
  year         = {2020},
  url          = {https://doi.org/10.1109/TDSC.2018.2866469}
}

@inproceedings{poeplau2019symbexetools,
  author       = {Poeplau, Sebastian and Francillon, Aur\'{e}lien}, 
  title        = {Systematic comparison of symbolic execution systems: intermediate representation and its generation},
  booktitle    = {Proceedings of the 35th Annual Computer Security Applications Conference (ACSAC '19)},
  pages        = {163-176},
  c-address    = {San Juan, Puerto Rico, USA},
  publisher    = {Association for Computing Machinery (ACM)},
  month        = {12},
  year         = {2019},
  url          = {https://doi.org/10.1145/3359789.3359796}
}

Altri articoli scientifici:
---------------------------

@article{boer2021symbexe,
  author       = {de Boer, Frank S. and Bonsangue, Marcello}, 
  title        = {Symbolic execution formally explained},
  journal      = {Formal Aspects of Computing (Springer)},
  volume       = {vol. 33 \space},
  number       = {no. 4},
  pages        = {\space pp. 617-636},
  month        = {8},
  year         = {2021},
  url          = {https://doi.org/10.1007/s00165-020-00527-y}
}