------------------------------------------------
   Bibliography - Backward symbolic execution 
------------------------------------------------

Backward symbolic execution via weakest precondition calculus:
--------------------------------------------------------------

@inproceedings{chandra2009bsewpc,
  author       = {Chandra, Satish and Fink, Stephen J. and Sridharan, Manu}, 
  title        = {Snugglebug: a powerful approach to weakest preconditions},
  booktitle    = {Proceedings of the 30th ACM SIGPLAN Conference on Programming Language Design and Implementation (PLDI '09)},
  pages        = {363-374},
  c-address    = {Dublino, Irelanda},
  publisher    = {Association for Computing Machinery (ACM)},
  month        = {6},
  year         = {2009},
  url          = {https://doi.org/10.1145/1542476.1542517}
}

@inproceedings{husak2020bsewpc,
  author       = {Hus\'{a}k, Robert and Kofro\v{n}, Jan and Zavoral, Filip}, 
  title        = {Handling Heap Data Structures in Backward Symbolic Execution},
  booktitle    = {Formal Methods - FM 2019 International Workshops},
  volume       = {12233},
  series       = {Lecture Notes in Computer Science},
  pages        = {537-556},
  c-address    = {Porto, Portogallo},
  publisher    = {Springer},
  month        = {8},
  year         = {2020},
  url          = {https://doi.org/10.1007/978-3-030-54997-8_33}
}

@article{zachary2020bsewpc,
  author       = {Palmer, Zachary and Park, Theodore and Smith, Scott and Weng, Shiwei}, 
  title        = {Higher-order demand-driven symbolic evaluation},
  journal      = {Proceedings of the ACM on Programming Languages (Association for Computing Machinery)},
  volume       = {vol. 4 \space},
  number       = {no. ICFP},
  pages        = {\space pp. 102:1-102:28},
  month        = {8},
  year         = {2020},
  url          = {https://doi.org/10.1145/3408984}
}

@inproceedings{chalupa2021bsewpc,
  author       = {Chalupa, Marek and Strej{\v{c}}ek, Jan}, 
  title        = {Backward Symbolic Execution with Loop Folding},
  booktitle    = {Static Analysis - 28th International Symposium (SAS 2021)},
  volume       = {12913},
  series       = {Lecture Notes in Computer Science},
  pages        = {49-76},
  c-address    = {Chicago, IL, USA},
  publisher    = {Springer},
  month        = {10},
  year         = {2021},
  url          = {https://doi.org/10.1007/978-3-030-88806-0_3}
}

@article{misonizhnik2022bsewpc,
  author       = {Misonizhnik, Alexander V. and Kostyukov, Yury O. and Kostitsyn, Mikhail P. and Mordvinov, Dmitry A. and Koznov, Dmitry V.}, 
  title        = {Generation of the weakest preconditions of programs with dynamic memory in symbolic execution},
  journal      = {Scientific and Technical Journal of Information Technologies, Mechanics and Optics (ITMO Univeristy)},
  volume       = {vol. 22 \space},
  number       = {no. 5},
  pages        = {\space pp. 982-991},
  month        = {settembre-ottobre},
  year         = {2022},
  url          = {https://www.doi.org/10.17586/2226-1494-2022-22-5-982-991},
  note         = {tradotto dal russo con \href{https://www.deepl.com/}{DeepL}}
}