-----------------------------------------------
   Bibliography - Formal verification basics
-----------------------------------------------

Libri di testo:
---------------

@book{clarke2018modelbook,
  author       = {Clarke, Edmund M. and Henzinger, Thomas A. and Veith, Helmut and Bloem, Roderick}, 
  title        = {Handbook of Model Checking},
  publisher    = {Springer},
  edition      = {prima},
  month        = {5},
  year         = {2018},
  isbn         = {9783319105741},
  url          = {https://doi.org/10.1007/978-3-319-10575-8},
}

@book{biere2021satbook,
  author       = {Biere, Armin and Heule, Marijn and van Maaren, Hans and Walsh, Toby}, 
  title        = {Handbook of Satisfiability},
  volume       = {336},
  series       = {Frontiers in Artificial Intelligence and Applications},
  publisher    = {{IOS} Press},
  edition      = {seconda},
  month        = {4},
  year         = {2021},
  isbn         = {9781643681603},
  url          = {https://doi.org/10.3233/FAIA336}
}

@book{polkowski2023logicbook,
  author       = {Polkowski, Lech T.}, 
  title        = {Logic: Reference Book for Computer Scientists},
  volume       = {245},
  series       = {Intelligent Systems Reference Library},
  publisher    = {Springer},
  edition      = {seconda},
  month        = {10},
  year         = {2023},
  isbn         = {9783031420337},
  url          = {https://doi.org/10.1007/978-3-031-42034-4}
}

Nozioni di base:
----------------

@incollection{kroening2021softver,
  author       = {Kroening, Daniel}, 
  title        = {Software Verification},
  booktitle    = {Handbook of Satisfiability},
  volume       = {336},
  series       = {Frontiers in Artificial Intelligence and Applications},
  type         = {capitolo},
  chapter      = {20},
  pages        = {791-818},
  publisher    = {{IOS} Press},
  edition      = {seconda},
  month        = {4},
  year         = {2021},
  url          = {https://doi.org/10.3233/FAIA201004}
}

@incollection{jhala2018predver,
  author       = {Jhala, Ranjit and Podelski, Andreas and Rybalchenko, Andrey}, 
  title        = {Predicate Abstraction for Program Verification},
  booktitle    = {Handbook of Model Checking},
  type         = {capitolo},
  chapter      = {15},
  pages        = {447-491},
  publisher    = {Springer},
  edition      = {prima},
  month        = {5},
  year         = {2018},
  url          = {https://doi.org/10.1007/978-3-319-10575-8_15}
}

@article{allen1970cfa,
  author       = {Allen, Frances E.}, 
  title        = {Control flow analysis},
  journal      = {ACM SIGPLAN Notices (Association for Computing Machinery)},
  volume       = {vol. 5 \space},
  number       = {no. 7},
  pages        = {\space pp. 1-19},
  month        = {7},
  year         = {1970},
  url          = {https://doi.org/10.1145/390013.808479}
}

@incollection{marquessilva2018sat,
  author       = {Marques-Silva, Joao and Malik, Sharad}, 
  title        = {Propositional SAT Solving},
  booktitle    = {Handbook of Model Checking},
  type         = {capitolo},
  chapter      = {9},
  pages        = {247-275},
  publisher    = {Springer},
  edition      = {prima},
  month        = {4},
  year         = {2018},
  url          = {https://doi.org/10.1007/978-3-319-10575-8_9}
}

@incollection{polkowski2023sl,
  author       = {Polkowski, Lech T.}, 
  title        = {Sentential Logic (SL)},
  booktitle    = {Logic: Reference Book for Computer Scientists},
  volume       = {245},
  series       = {Intelligent Systems Reference Library},
  type         = {capitolo},
  chapter      = {3},
  pages        = {61-110},
  publisher    = {Springer},
  edition      = {seconda},
  month        = {10},
  year         = {2023},
  url          = {https://doi.org/10.1007/978-3-031-42034-4_2}
}

@article{horn1951clause,
  author       = {Horn, Alfred}, 
  title        = {On Sentences Which are True of Direct Unions of Algebras},
  journal      = {The Journal of Symbolic Logic (Cambridge University Press)},
  volume       = {vol. 16 \space},
  number       = {no. 1},
  pages        = {\space pp. 14-21},
  month        = {3},
  year         = {1951},
  url          = {https://doi.org/10.2307/2268661}
}

Model checking:
---------------

@inproceedings{clarke1997modelcheck,
  author       = {Clarke, Edmund M.}, 
  title        = {Model checking},
  booktitle    = {Foundations of Software Technology and Theoretical Computer Science (FSTTCS 1997)},
  volume       = {1346},
  series       = {Lecture Notes in Computer Science},
  pages        = {54-56},
  c-address    = {Kharagpur, India},
  publisher    = {Springer},
  month        = {10},
  year         = {1997},
  url          = {https://doi.org/10.1007/BFb0058022}
}

@inproceedings{clarke2014modelcheck,
  author       = {Clarke, Edmund M. and Wang, Qinsi}, 
  title        = {{$2^5$} Years of Model Checking},
  booktitle    = {Perspectives of System Informatics},
  volume       = {8974},
  series       = {Lecture Notes in Computer Science},
  pages        = {26-40},
  c-address    = {San Pietroburgo, Russia},
  publisher    = {Springer},
  month        = {6},
  year         = {2014},
  url          = {https://doi.org/10.1007/978-3-662-46823-4_2}
}

Satisfiability Modulo Theories (SMT):
-------------------------------------

@incollection{barrett2021smt,
  author       = {Barrett, Clark W. and Sebastiani, Roberto and Seshia, Sanjit A. and Tinelli, Cesare}, 
  title        = {Satisfiability Modulo Theories},
  booktitle    = {Handbook of Satisfiability},
  volume       = {336},
  series       = {Frontiers in Artificial Intelligence and Applications},
  type         = {capitolo},
  chapter      = {33},
  pages        = {1267-1329},
  publisher    = {{IOS} Press},
  edition      = {seconda},
  month        = {4},
  year         = {2021},
  url          = {https://doi.org/10.3233/FAIA201017}
}

@incollection{barrett2018smt,
  author       = {Barrett, Clark and Tinelli, Cesare}, 
  title        = {Satisfiability Modulo Theories},
  booktitle    = {Handbook of Model Checking},
  type         = {capitolo},
  chapter      = {11},
  pages        = {305-343},
  publisher    = {Springer},
  edition      = {prima},
  month        = {4},
  year         = {2018},
  url          = {https://doi.org/10.1007/978-3-319-10575-8_11}
}

@inproceedings{monniaux2016smt,
  author       = {Monniaux, David}, 
  title        = {A Survey of Satisfiability Modulo Theory},
  booktitle    = {Computer Algebra in Scientific Computing (CASC 2016)},
  volume       = {9890},
  series       = {Lecture Notes in Computer Science},
  pages        = {401-425},
  c-address    = {Bucarest, Romania},
  publisher    = {Springer},
  month        = {9},
  year         = {2016},
  url          = {https://doi.org/10.1007/978-3-319-45641-6_26}
}

@inproceedings{demoura2007smt,
  author       = {de Moura, Leonardo and Dutertre, Bruno and Shankar, Natarajan}, 
  title        = {A Tutorial on Satisfiability Modulo Theories},
  booktitle    = {Computer Aided Verification (CAV 2007)},
  volume       = {4590},
  series       = {Lecture Notes in Computer Science},
  pages        = {20-36},
  c-address    = {Berlino, Germania},
  publisher    = {Springer},
  month        = {7},
  year         = {2007},
  url          = {https://doi.org/10.1007/978-3-540-73368-3_5}
}

Bounded Model Checking (BMC):
------------------------------

@incollection{biere2018satcheck,
  author       = {Biere, Armin and Kr{\"o}ning, Daniel}, 
  title        = {SAT-Based Model Checking},
  booktitle    = {Handbook of Model Checking},
  type         = {capitolo},
  chapter      = {10},
  pages        = {277-303},
  publisher    = {Springer},
  edition      = {prima},
  month        = {4},
  year         = {2018},
  url          = {https://doi.org/10.1007/978-3-319-10575-8_10}
}

@incollection{biere2021bmc,
  author       = {Biere, Armin}, 
  title        = {Bounded Model Checking},
  booktitle    = {Handbook of Satisfiability},
  volume       = {336},
  series       = {Frontiers in Artificial Intelligence and Applications},
  type         = {capitolo},
  chapter      = {18},
  pages        = {739-764},
  publisher    = {{IOS} Press},
  edition      = {seconda},
  month        = {4},
  year         = {2021},
  url          = {https://doi.org/10.3233/FAIA201002}
}

Lavori seminali su BMC:
-----------------------

@article{clarke2001bmc,
  author       = {Clarke, Edmund and Biere, Armin and Raimi, Richard and Zhu, Yunshan}, 
  title        = {Bounded model checking using satisfiability solving},
  journal      = {Formal methods in system design (Springer)},
  volume       = {vol. 19 \space},
  number       = {no. 1},
  pages        = {\space pp. 7-34},
  month        = {7},
  year         = {2001},
  url          = {https://doi.org/10.1023/A:1011276507260}
}

@inproceedings{cordeiro2009smtbmc,
  author       = {Cordeiro, Lucas and Fischer, Bernd and Marques-Silva, Joao}, 
  title        = {SMT-Based Bounded Model Checking for Embedded ANSI-C Software},
  booktitle    = {2009 IEEE/ACM International Conference on Automated Software Engineering (ASE)},
  pages        = {137-148},
  c-address    = {Auckland, Nuova Zelanda},
  publisher    = {Institute of Electrical and Electronics Engineers (IEEE)},
  month        = {11},
  year         = {2009},
  url          = {https://doi.org/10.1109/ASE.2009.63}
}

Verifica di programmi e clausole di Horn:
-----------------------------------------

@inproceedings{gurfinkel2022chc,
  author       = {Gurfinkel, Arie},
  title        = {Program Verification with Constrained Horn Clauses (Invited Paper)},
  booktitle    = {Computer Aided Verification (CAV 2022)},
  volume       = {13371},
  series       = {Lecture Notes in Computer Science},
  pages        = {19-29},
  c-address    = {Address of the conference},
  publisher    = {Springer},
  month        = {8},
  year         = {2022},
  url          = {https://doi.org/10.1007/978-3-031-13185-1_2}
}

@incollection{bjorner2015chc,
  author       = {Bj{\o}rner, Nikolaj and Gurfinkel, Arie and McMillan, Ken and Rybalchenko, Andrey}, 
  title        = {Horn Clause Solvers for Program Verification},
  booktitle    = {Fields of Logic and Computation II},
  volume       = {9300},
  series       = {Lecture Notes in Computer Science},
  pages        = {24-51},
  publisher    = {Springer},
  month        = {9},
  year         = {2015},
  url          = {https://doi.org/10.1007/978-3-319-23534-9_2}
}

@article{deangelis2021chc,
  author       = {De Angelis, Emanuele and Fioravanti, Fabio and Gallagher, John P. and Hermenegildo, Manuel V. and Pettorossi, Alberto and Proietti, Maurizio}, 
  title        = {Analysis and Transformation of Constrained Horn Clauses for Program Verification},
  journal      = {Theory and Practice of Logic Programming (Cambridge University Press)},
  volume       = {vol. 22 \space},
  number       = {no. 6},
  pages        = {\space pp. 974-1042},
  month        = {11},
  year         = {2021},
  url          = {https://doi.org/10.1017/S1471068421000211}
}

Lavori seminali su Horn SAT:
----------------------------

@article{dowling1984hornsat,
  author       = {Dowling, William F. and Gallier, Jean H.}, 
  title        = {Linear-time algorithms for testing the satisfiability of propositional horn formulae},
  journal      = {The Journal of Logic Programming (Elsevier)},
  volume       = {vol. 1 \space},
  number       = {no. 3},
  pages        = {\space pp. 267-284},
  month        = {10},
  year         = {1984},
  url          = {https://doi.org/10.1016/0743-1066(84)90014-1}
}

@article{gallo1989hornsat,
  author       = {Gallo, Giorgio and Urbani, Giampaolo}, 
  title        = {Algorithms for testing the satisfiability of propositional formulae},
  journal      = {The Journal of Logic Programming (Elsevier)},
  volume       = {vol. 7 \space},
  number       = {no. 1},
  pages        = {\space pp. 45-61},
  month        = {7},
  year         = {1989},
  url          = {https://doi.org/10.1016/0743-1066(89)90009-5}
}