--------------------------------------------------
   Bibliography - Weakest precondition calculus
--------------------------------------------------

Articoli scientifici seminali:
------------------------------

@article{dijkstra1975wpc,
  author       = {Dijkstra, Edsger W.}, 
  title        = {Guarded Commands, Nondeterminacy and Formal Derivation of Programs},
  journal      = {Communications of the ACM (Association for Computing Machinery)},
  volume       = {vol. 18 \space},
  number       = {no. 8},
  pages        = {\space pp. 453-457},
  month        = {8},
  year         = {1975},
  url          = {https://doi.org/10.1145/360933.360975}
}

Libri di testo:
---------------

@book{dijkstra1976wpcbook,
  author       = {Dijkstra, Edsger W.}, 
  title        = {A Discipline of Programming},
  series       = {Series in Automatic Computation},
  publisher    = {Prentice Hall},
  edition      = {prima},
  year         = {1976},
  isbn         = {9780132158718},
  url          = {https://worldcat.org/oclc/01958445}
}

@book{gries1987wpcbook,
  author       = {Gries, David}, 
  title        = {The Science of Programming},
  series       = {Monographs in Computer Science},
  publisher    = {Springer},
  edition      = {prima},
  month        = {2},
  year         = {1987},
  isbn         = {9780387964805},
  url          = {https://doi.org/10.1007/978-1-4612-5983-1}
}

@book{dijkstra1990wpcbook,
  author       = {Dijkstra, Edsger W. and Scholten, Carel S.}, 
  title        = {Predicate Calculus and Program Semantics},
  series       = {Monographs in Computer Science},
  publisher    = {Springer},
  edition      = {prima},
  year         = {1990},
  isbn         = {9781461232285},
  url          = {https://doi.org/10.1007/978-1-4612-3228-5}
}

Altri articoli scientifici:
---------------------------

@article{bonsangue1994wpc,
  author       = {Bonsangue, Marcello M. and Kok, Joost N.}, 
  title        = {The Weakest Precondition Calculus: Recursion and Duality},
  journal      = {Formal Aspects of Computing (Springer)},
  volume       = {vol. 6 \space},
  number       = {no. 1},
  pages        = {\space pp. 788-800},
  month        = {11},
  year         = {1994},
  url          = {https://doi.org/10.1007/BF01213603}
}
