------------------------------------
   Bibliography - BibTeX examples
------------------------------------

BibTeX entries for:
- books: "book", "incollection", "inbook";
- articles: "article", "inproceedings", "proceedings";
- theses: "masterthesis", "phdthesis";
- documentation: "manual", "techreport";
- unpublished material:  "unpublished", "booklet";
- other: "misc".

---------------------BOOKS-------------------------------------

The entry "book" is used for books with an explicit publisher.
- required fields: "author" or "editor", "title", "publisher", "year"; 
- optional fields: "volume" or "number", "series", "address", "edition", "month", "isbn", "note".

If you use the "hyperref" package and a bibliography style provided by "natbib", you can also use the special field "url".

Template example.
@book{author2023book,
  author       = {AuthorSurename, AuthorName and OtherAuthorSurename, OtherAuthorName}, 
  title        = {Title of the book},
  volume       = {2},
  series       = {Name of the series},
  publisher    = {Name of the publisher},
  address      = {Address of the publisher},
  edition      = {seconda},
  month        = {10},
  year         = {2023},
  isbn         = {9788833908809},
  url          = {https://doi.org/the-identifier/what-is-a-doi/},
  note         = {an optional note}
}

--------------------------------------------------------------

---------------------INBOOKS-----------------------------------

The entry "inbook" is used for part of a book, which may be a chapter (or section or whatever)
and/or a range of pages.
- entry type: "inbooks";
- required fields: "author" or "editor", "title", "chapter" and/or "pages", "publisher", "year";
- optional fields: "volume" or "number", "series", "type", "address", "edition", "month", "note".

If you use the "hyperref" package and a bibliography style provided by "natbib", you can also use the special field "url".

Template example.
@inbook{author2023inbook,
  author       = {AuthorSurename, AuthorName and OtherAuthorSurename, OtherAuthorName}, 
  title        = {Title of the book},
  volume       = {2},
  series       = {Name of the series},
  type         = {capitolo},
  chapter      = {3},
  pages        = {205-225},
  publisher    = {Name of the publisher},
  address      = {Address of the publisher},
  edition      = {seconda},
  month        = {10},
  year         = {2023},
  url          = {https://doi.org/the-identifier/what-is-a-doi/},
  note         = {an optional note}
}

--------------------------------------------------------------

---------------------INCOLLECTIONS----------------------------

The entry "incollection" is used for a part of a book having its own title.
- required fields: "author", "title", "booktitle", "publisher", "year";
- optional fields: "editor", "volume" or "number", "series", "type", "chapter", "pages", "address", "edition", "month", "note".

If you use the "hyperref" package and a bibliography style provided by "natbib", you can also use the special field "url".

Template example.
@incollection{author2023incollection,
  author       = {AuthorSurename, AuthorName and OtherAuthorSurename, OtherAuthorName}, 
  title        = {Title of the chapter},
  editor       = {EditorSurname, testo di EditorName},
  booktitle    = {Title of the collection},
  volume       = {2},
  series       = {Name of the series},
  type         = {capitolo},
  chapter      = {3},
  pages        = {205-225},
  publisher    = {Name of the publisher},
  address      = {Address of the publisher},
  edition      = {seconda},
  month        = {10},
  year         = {2023},
  url          = {https://doi.org/the-identifier/what-is-a-doi/},
  note         = {an optional note}
}

--------------------------------------------------------------

---------------------ARTICLES---------------------------------

The entry "article" is used for articles from a journal or magazine:
- required fields: "author", "title", "journal", "year"; 
- optional fields: "volume", "number", "pages", "month", "note".

If you use the "hyperref" package and a bibliography style provided by "natbib", you can also use the special field "url".

Template example.
@article{author2023article,
  author       = {AuthorSurename, AuthorName}, 
  title        = {Title of the article},
  journal      = {Name of the journal (Name of the publisher)},
  volume       = {vol. 2 \space},
  number       = {no. 3},
  pages        = {\space pp. 6:1-15},
  month        = {10},
  year         = {2023},
  url          = {https://doi.org/the-identifier/what-is-a-doi/},
  note         = {an optional note}
}

--------------------------------------------------------------

---------------------INPROCEDINGS-----------------------------

The entry "inproceedings" is used for an article in a conference proceedings.
- required fields: "author", "title", "booktitle", "year";
- optional fields: "editor", "volume" or "number", "series", "pages", "address", "month", "organization", "publisher", "note".

If you use the "hyperref" package and a bibliography style provided by "natbib", you can also use the special field "url".

Template example.
@inproceedings{author2023inproceedings,
  author       = {AuthorSurename, AuthorName and OtherAuthorSurename, OtherAuthorName}, 
  title        = {Title of the article},
  editor       = {EditorSurname, convegno di EditorName},
  booktitle    = {Title of the conference},
  volume       = {2},
  series       = {Name of the series},
  pages        = {6:1-15},
  address      = {address of the conference},
  organization = {Name of the organization},
  publisher    = {Name of the publisher},
  month        = {10},
  year         = {2023},
  url          = {https://doi.org/the-identifier/what-is-a-doi/},
  note         = {an optional note} 
}

--------------------------------------------------------------

---------------------PROCEEDINGS------------------------------

The entry "proceedings" is used for the proceedings of a conference.
- required fields: "title", "year"; 
- optional fields: "editor", "volume" or "number", "series", "address", "month", "organization", "publisher", "note".

If you use the "hyperref" package and a bibliography style provided by "natbib", you can also use the special field "url".

Template example.
@proceedings{author2023proceedings,
  editor       = {EditorSurname, EditorName},
  title        = {Title of the conference},
  volume       = {2},
  series       = {Name of the series},
  address      = {Address of the conference},
  organization = {Name of the organization},
  publisher    = {Name of the publisher},
  month        = {10},
  year         = {2023},
  url          = {https://doi.org/the-identifier/what-is-a-doi/},
  note         = {an optional note} 
}

--------------------------------------------------------------

---------------------MASTER-THESES----------------------------

The entry "mastersthesis" is used for a Masterâ€™s thesis.
- required fields: "author", "title", "school", "year"; 
- optional fields: "type", "address", "month", "note".

If you use the "hyperref" package and a bibliography style provided by "natbib", you can also use the special field "url".

Template example.
@mastersthesis{author2023mastersthesis,
  author       = {AuthorSurename, AuthorName}, 
  title        = {Title of the thesis},
  type         = {Tesi magistrale},
  school       = {Name of the university, Name of the school},
  address      = {Address of the university},
  month        = {10},
  year         = {2023},
  url          = {https://doi.org/the-identifier/what-is-a-doi/},
  note         = {an optional note}
}

--------------------------------------------------------------

---------------------PHD-THESES-------------------------------

The entry "phdthesis" is used for a PhD thesis.
- required fields: "author", "title", "school", "year"; 
- optional fields: "type", "address", "month", "note".

If you use the "hyperref" package and a bibliography style provided by "natbib", you can also use the special field "url".

Template example.
@phdthesis{author2023phdthesis,
  author       = {AuthorSurename, AuthorName}, 
  title        = {Title of the thesis},
  type         = {Tesi di dottorato},
  school       = {Name of the university, Name of the school},
  address      = {Address of the university},
  month        = {10},
  year         = {2023},
  url          = {https://doi.org/the-identifier/what-is-a-doi/},
  note         = {an optional note}
}

--------------------------------------------------------------

---------------------MANUALS----------------------------------

The entry "manual" is used for technical documentation.
- required fields: "title"; 
- optional fields: "author", "organization", "address", "edition", "month", "year", "note".

If you use the "hyperref" package and a bibliography style provided by "natbib", you can also use the special field "url".

Template example.
@manual{author2023manual,
  author       = {AuthorSurename, AuthorName and OtherAuthorSurename, OtherAuthorName}, 
  title        = {Title of the manual},
  organization = {Name of the organization},
  address      = {Address of the organization},
  edition      = {seconda},
  month        = {10},
  year         = {2023},
  url          = {https://doi.org/the-identifier/what-is-a-doi/},
  note         = {an optional note}
}

--------------------------------------------------------------

---------------------TECHREPORTS------------------------------

The entry "techreport" is used for a report published by a school or other institution, usually numbered within a series.
- required fields: "author", "title", "institution", "year"; 
- optional fields: "type", "number", "address", "month", "note".

If you use the "hyperref" package and a bibliography style provided by "natbib", you can also use the special field "url".

Template example.
@techreport{author2023techreport,
  author       = {AuthorSurename, AuthorName and OtherAuthorSurename, OtherAuthorName}, 
  title        = {Title of the report},
  type         = {Report di ricerca},
  number       = {no. 5},
  institution  = {Name of the institution which published the report},
  address      = {Address of the institution},
  month        = {10},
  year         = {2023},
  url          = {https://doi.org/the-identifier/what-is-a-doi/},
  note         = {an optional note}
}

--------------------------------------------------------------

---------------------UNPUBLISHED------------------------------

The entry "unpublished" is used for a document having an author and title, but not formally published.
- required fields: "author", "title", "note"; 
- optional fields: "month", "year".

If you use the "hyperref" package and a bibliography style provided by "natbib", you can also use the special field "url".

Template example.
@unpublished{author2023unpublished,
  author       = {AuthorSurename, AuthorName and OtherAuthorSurename, OtherAuthorName}, 
  title        = {Title of the article},
  month        = {10},
  year         = {2023},
  url          = {https://doi.org/the-identifier/what-is-a-doi/},
  note         = {an optional note}
}

--------------------------------------------------------------

---------------------BOOKLETS---------------------------------

The entry "booklet" is used for a work that is printed and bound, but without a named publisher or sponsoring institution.
- required fields: "title";
- optional fields: "author", "howpublished", "address", "month", "year", "note".

If you use the "hyperref" package and a bibliography style provided by "natbib", you can also use the special field "url".

Template example.
@booklet{author2023booklet,
  author       = {AuthorOneSurename, AuthorOneName and AuthorTwoSurename, AuthorTwoName and AuthorThreeSurename, AuthorThreeName}, 
  title        = {Title of the booklet},
  howpublished = {How it was published},
  address      = {Address of the publisher},
  month        = {10},
  year         = {2023},
  url          = {https://doi.org/the-identifier/what-is-a-doi/},
  note         = {an optional note}
}

---------------------------------------------------------------

---------------------MISCELLANIES-----------------------------

The entry "misc" is used when nothing else fits .
- required fields: none; 
- optional fields: "author", "title", "howpublished", "month", "year", "note".

If you use the "hyperref" package and a bibliography style provided by "natbib", you can also use the special field "url".

Template example.
@misc{author2023misc,  
  author       = {AuthorSurename, AuthorName and OtherAuthorSurename, OtherAuthorName},  
  title        = {Title of the work},
  howpublished = {How it was published},
  month        = {10},
  year         = {2023},
  url          = {https://doi.org/the-identifier/what-is-a-doi/},
  note         = {an optional note}
}

--------------------------------------------------------------

--------------------SOURCES-FOR-COMMENTS----------------------

The comments on BibTeX entry types are based on the official documentation of BiBTeX: "BiBTeXing" by Oren Patashnik, 1988.

For other comments on BibTex, the main source is https://en.wikibooks.org/wiki/LaTeX/Bibliography_Management.

---------------------------------------------------------------